2950 3889
190 398 397 448 credidisse
430 395 601 442 Graecos
634 394 863 439 brevissimo
897 400 989 454 post
1021 397 1146 454 ipsam
1180 399 1488 458 exsecrationem·
1518 402 1692 455 tempore
1725 395 1833 438 illum
1865 397 2038 453 periisse.
2093 395 2209 446 Quod
2246 409 2367 453 quum
2404 396 2459 437 ita
2487 395 2550 446 sit,
2576 396 2616 438 in

190 468 264 522 hac
289 473 636 521 narrationefnibil
670 473 776 517 aliud
808 472 946 525 datin,
982 476 1058 518 nisi
1089 481 1136 519 ut
1166 464 1361 535 pepulisse
1397 475 1550 534 quidem
1579 466 1822 533 Meleagrum
1850 473 1983 517 hostes
2011 488 2061 516 ex
2087 474 2182 518 urbe
2210 480 2393 533 putemus
2421 476 2475 528 (v.
2502 473 2617 528 597),

191 556 272 602 aeti>
288 562 365 601 aut
383 556 433 599 in
448 551 638 612 pellendis
653 554 790 611 *ipsum
817 553 1069 611 proeliantem
1095 555 1333 608 occubuisse,
1361 562 1430 599 aut
1455 556 1640 598 continuo
1670 559 1761 611 post
1780 555 1910 596 nescio
1937 567 2016 609 quo
2044 568 2136 595 casu
2164 556 2377 598 extinctum
2410 567 2510 596 esse.
2557 552 2618 595 Ac

192 638 321 695 priore
348 632 466 676 modo
482 630 708 675 nomen-um
735 645 869 675 revera
897 634 1173 690 interpretatus
1199 640 1260 677 est
1291 633 1526 677 Welckerus
1541 635 1590 687 ¹).
1640 633 1697 675 At
1725 633 1791 688 qu‘i
1812 633 2053 691 ,conveniunt
2078 638 2294 689 postrema:
2323 634 2383 689 τῷ
2413 629 2450 673 δ’
2481 630 2618 673 ουίέτι

191 709 535 771 &paridem
561 707 691 750 πολλά
716 723 762 752 τε
788 711 857 752 καὶ
877 712 1094 771 χαρίεντα,
1131 713 1258 756 κακὸν
1285 711 1326 756 δ’
1366 711 1500 773 ἤμυνε
1532 711 1601 752 καὶ
1635 707 1776 756 αὔτως·
1809 709 2108 766 (598-599)?
2163 708 2329 758 Quando
2365 711 2465 752 enim
2499 715 2619 767 poeta

189 790 371 851 praemia*
385 789 580 846 promissa
606 789 641 830 ei
667 788 865 846 persoluta
893 803 976 833 esse
1003 792 1152 850 negat?
1203 792 1426 850 Antequam
1455 791 1504 834 ad
1531 788 1787 849 pugnandum
1815 789 2151 848 proficisceretur?
2207 790 2264 832 At
2299 796 2391 832 tunc
2425 790 2492 847 qui
2520 787 2618 830 illud

188 873 343 929 poterat
368 866 450 910 fieri
478 871 630 908 tantum
657 881 737 909 non
765 869 919 912 incensa
946 875 986 913 et
1011 881 1125 929 capta
1150 869 1567 927 urbe-(588—589)i’
1599 869 1768 912 maxime
1811 883 1932 926 quum
1973 869 2200 925 primarium
2238 868 2382 910 donum
2424 869 2618 926 quinqua-

187 950 295 1008 ginta
304 947 490 1005 jugerum
509 959 606 1004 agro
625 948 895 1000 contineretur,
916 963 1027 1006 quem
1049 950 1133 1008 ipse
1150 949 1345 1009 Meleager
1363 949 1521 1009 eligeret
1534 948 1608 992 sibi
1625 946 1902 1006 assignandum
1919 946 2191 1002 (576-580).
2227 946 2294 989 An
2315 953 2521 1005 propterea
2536 960 2618 990 non

187 1026 278 1072 data
305 1029 498 1084 putemus,
526 1023 634 1082 quod
661 1027 700 1068 in
728 1025 876 1084 proelio
904 1027 1129 1071 cecidisset?
1184 1028 1241 1072 At
1275 1043 1368 1072 vero
1403 1028 1479 1072 boc
1514 1029 1570 1071 sic
1599 1041 1672 1086 per
1706 1041 1747 1069 se
1777 1025 2073 1084 intelligebatur,
2111 1031 2156 1068 ut
2197 1024 2263 1068 illo
2293 1040 2409 1068 sensu
2435 1027 2511 1069 ista
2535 1039 2617 1069 non

186 1109 349 1166 possent
373 1099 464 1147 addi
491 1104 566 1147 nisi
593 1103 890 1157 absurdissime3
930 1108 1005 1150 nisi
1031 1105 1132 1151 forte
1159 1107 1406 1151 statuendum
1435 1113 1495 1151 est
1529 1107 1719 1171 interiisse
1748 1104 1990 1164 Meleagrum
2026 1106 2065 1148 in
2099 1106 2228 1163 patria
2264 1102 2504 1147 defendenda
2540 1104 2616 1148 illis

186 1187 280 1244 ipsis
309 1182 436 1226 verbis
472 1183 532 1240 τῷ
562 1180 600 1225 δ’
633 1182 767 1226 οὐκέτι
801 1183 922 1242 δῶρα
958 1185 1152 1229 τέλεσσαν
1185 1186 1316 1230 πολλά
1342 1201 1386 1231 τε
1420 1187 1489 1229 καὶ
1510 1174 1728 1247 χάρίεντα,
1771 1185 1899 1228 κακὸν
1927 1182 1970 1227 δ’
1999 1183 2132 1243 ἤμυνε
2175 1184 2243 1226 καὶ
2286 1181 2426 1230 αὔτως·
2463 1189 2617 1242 poetam

185 1263 352 1307 indicare
380 1261 560 1304 voluisse.
618 1261 734 1312 Quod
762 1277 881 1320 quum
912 1264 1145 1308 Welckerus
1173 1267 1352 1308 statuerit
1394 1268 1520 1320 (βαι
1548 1269 1614 1307 cod
1639 1269 1703 1307 dea
1746 1268 1953 1307 holdeum.
1983 1267 2119 1326 deuter⁸
2135 1267 2279 1305 Homer
2306 1279 2379 1304 nm
2406 1279 2468 1313 an,
2499 1266 2619 1305 indam

185 1358 224 1383 er
254 1343 313 1382 die
339 1348 401 1380 art
426 1342 490 1381 dee
518 1344 619 1403 codes
647 1345 736 1383 oder
763 1345 833 1383 den
860 1358 1028 1396 auaganq
1054 1346 1228 1397 deraaqe
1246 1347 1411 1385 ruhi-end
1435 1348 1678 1397 verschwet'qt.
1712 1343 1785 1400 Τῷ
1803 1340 1844 1384 δ’
1867 1342 2038 1384 οὐκέτι
2054 1358 2135 1400 sqq.
2154 1367 2210 1374 —-
2230 1342 2314 1383 καὶ
2332 1340 2521 1387 αὔτως“
2543 1344 2617 1395 2)),

185 1421 350 1476 primum
378 1420 454 1460 ista
482 1420 598 1460 animi
627 1418 804 1462 mollities
848 1427 886 1462 et
913 1436 1026 1463 omne
1054 1402 1263 1464 illiusmodi
1297 1428 1394 1464 tecte
1426 1423 1576 1465 dicendi
1616 1437 1740 1479 genus
1776 1422 1824 1463 ab
1857 1421 2052 1463 Homerici
2089 1423 2173 1462 aevi
2207 1423 2338 1463 nativa
2374 1421 2617 1478 simplicitate

98 1530 106 1541 .
185 1496 414 1547 abhorrent3
462 1495 599 1539 deinde
635 1511 728 1540 vero
764 1498 841 1541 alio
869 1513 1006 1549 sensu,
1034 1507 1074 1542 et
1100 1515 1146 1542 eo
1177 1499 1350 1556 quidem,
1388 1514 1501 1556 quem
1535 1500 1652 1543 verba
1687 1515 1782 1557 prae
1811 1514 1852 1541 se
1879 1499 2019 1548 serunt,
2058 1515 2079 1541 a
2108 1505 2224 1555 poeta
2251 1499 2347 1541 baec
2373 1502 2502 1556 posita
2530 1514 2616 1542 esse

186 1576 430 1633 perspicuum
471 1582 531 1617 est
572 1590 622 1617 ex
667 1578 725 1627 iis,
770 1592 870 1633 quae
898 1578 1082 1619 continuo
1124 1578 1383 1635 subjiciuntur
1421 1593 1483 1620 vv.
1512 1578 1746 1623 600-605.
1796 1577 1947 1626 Quibus
1968 1593 1991 1619 a
2010 1577 2225 1619 recusando
2248 1577 2395 1620 auxilio
2424 1576 2615 1619 Achillem

184 1654 395 1697 dehortans
425 1667 547 1709 quum
574 1668 619 1695 eo
649 1654 828 1697 Phoenix
854 1655 989 1697 utatur
1017 1652 1259 1713 argumento,
1288 1656 1411 1713 quod,
1439 1659 1473 1699 si
1501 1671 1614 1714 opem
1643 1665 1735 1698 tunc
1764 1670 1882 1712 quum
1919 1656 2098 1713 precibus
2137 1656 2332 1712 donisque
2368 1662 2615 1712 expeteretur
2648 1694 2651 1700 .

184 1738 396 1774 recusatam
412 1740 549 1789 postea
565 1732 670 1775 ultro
690 1734 832 1784 tulerit,
855 1748 932 1776 non
947 1735 1030 1791 jam
1051 1737 1092 1777 in
1108 1737 1195 1794 pari
1217 1725 1366 1778 bonore
1386 1742 1426 1778 et
1445 1737 1729 1778 existimatione
1748 1734 1851 1793 apud
1870 1735 2041 1777 Graecos
2056 1734 2212 1776 futurus
2227 1736 2296 1776 sit:
2317 1736 2490 1791 sequitur
2510 1748 2616 1775 men·

184 1819 259 1855 tem
287 1811 372 1868 ejus
401 1824 485 1853 esse
521 1812 648 1869 ipsum
677 1811 919 1870 Meleagrum
953 1819 1115 1872 propter
1151 1814 1340 1858 auxilium
1375 1828 1463 1858 sero
1499 1813 1619 1857 latum
1652 1820 1788 1873 postea
1824 1814 1863 1855 in
1900 1814 2046 1855 minore
2075 1812 2180 1871 apud
2209 1814 2309 1855 cives
2344 1826 2439 1856 suos
2468 1812 2617 1855 honore

183 1892 312 1934 tuisse.
369 1889 468 1933 Nam
497 1903 544 1932 eo
572 1892 659 1949 ipso
689 1891 860 1944 consilio,
898 1892 1076 1952 exemplo
1105 1892 1208 1937 illius
1236 1900 1282 1937 ut
1309 1893 1358 1938 ab
1386 1907 1461 1953 ope
1487 1893 1717 1954 rogantibus
1738 1891 1964 1951 deneganda
1986 1891 2179 1936 Achillem
2208 1892 2433 1943 absterreat,
2463 1905 2615 1935 omnem

126 1985 136 1996 ·
184 1971 283 2013 haue
310 1972 569 2013 narrationem
600 1970 722 2013 affert.
783 1971 900 2020 Quod
927 1975 1174 2034 propositum
1201 1987 1367 2031 prorsus
1407 1976 1579 2031 ineptum
1614 1973 1735 2023 soret,x
1753 1975 1837 2022 nisi,
1874 1972 1979 2029 quod
2015 1972 2159 2014 Achilli
2186 1972 2396 2014 verendum
2432 1985 2517 2014 esse
2552 1974 2616 2021 ait,

183 2054 227 2091 ai
252 2049 483 2107 rogantibus
513 2050 701 2091 auxilium
731 2051 905 2108 deneget,
933 2051 1045 2103 idem,
1074 2056 1182 2106 quia
1202 2052 1442 2112 denegasset!
1485 2053 1666 2096 accidisse
1686 2052 1801 2093 vellet
1825 2065 1959 2092 revera
1982 2053 2028 2101 ei,
2058 2066 2080 2092 a
2103 2065 2181 2107 quo
2203 2050 2423 2108 exemplum
2443 2053 2619 2108 sumpsit.

184 2129 383 2185 Alioquin,
411 2128 586 2179 obsecro,
615 2129 708 2185 quid
734 2129 810 2171 hoc
838 2130 1008 2179 haberet,
1039 2145 1118 2187 quo
1138 2131 1311 2174 Achilles
1339 2131 1576 2174 terreretur?
1627 2132 1734 2188 Ergo
1776 2130 1817 2171 id
1841 2129 1996 2186 quidem
2024 2132 2158 2187 negari
2186 2131 2321 2186 nequit
2347 2143 2503 2171 sensum
2530 2144 2618 2171 ver-

184 2206 321 2250 borum
349 2221 429 2250 non
458 2205 573 2250 alium
604 2222 687 2250 esse
714 2206 853 2251 debere
879 2211 954 2252 nisi
983 2208 1107 2262 hunc,
1143 2224 1224 2253 non
1249 2210 1482 2268 persolvisse
1516 2213 1664 2268 patriae
1700 2208 1840 2251 vindici
1876 2210 1975 2251 cives
2012 2208 2116 2251 dona
2153 2213 2264 2250 antea
2302 2209 2495 2265 promissa
2523 2222 2614 2258 non,

184 2284 289 2343 quod
315 2299 394 2328 non
420 2291 592 2343 possent,
620 2285 689 2329 sed
718 2286 826 2344 quod
852 2286 1010 2339 nollent,
1037 2287 1337 2346 patiendamque
1360 2287 1478 2332 fuisse
1508 2287 1704 2347 Meleagro
1734 2287 1810 2331 hoc
1837 2288 1922 2345 ipso
1951 2286 2053 2329 illam
2083 2285 2281 2345 dignitatis
2302 2285 2613 2338 deminutionem,

185 2364 308 2421 qualis
336 2378 384 2406 ne
413 2363 555 2408 Achilli
582 2364 715 2406 futura
743 2366 795 2406 sit
824 2365 999 2408 Phoenix
1029 2369 1175 2409 metuit.
1232 2363 1354 2422 Atqui
1392 2366 1478 2409 talis
1513 2364 1712 2424 dignitatis
1748 2365 1957 2407 deminutio
1993 2379 2072 2406 non
2108 2366 2147 2406 in
2176 2370 2371 2407 mortuum
2401 2364 2513 2415 cadit,
2543 2364 2613 2407 sed

184 2442 224 2484 in
251 2443 393 2485 vivum.
452 2441 505 2486 Ut
533 2443 599 2499 qui
628 2457 688 2484 vv.
718 2442 940 2490 598—599
970 2443 1069 2496 fecit,
1098 2448 1314 2504 reperiatur
1340 2446 1488 2504 patriae
1516 2449 1764 2490 conservatae
1791 2445 2036 2501 superstitem
2064 2442 2197 2487 fecisse
2226 2450 2264 2487 et
2284 2443 2430 2487 diutius
2458 2441 2613 2500 quidem

183 2523 426 2578 superstitem
461 2521 641 2572 eundem,
677 2535 790 2578 quem
826 2530 986 2580 propter
1020 2537 1081 2566 vv.
1111 2523 1347 2568 571-572
1376 2521 1623 2566 statuendum
1658 2526 1743 2564 erat
1770 2527 1839 2564 aut
1865 2523 1905 2564 in
1933 2523 2019 2578 ipsa
2046 2520 2286 2565 defendenda
2315 2521 2515 2580 Calydone
2544 2527 2612 2564 aut

184 2604 282 2642 certe
311 2598 538 2644 brevissimo
565 2605 658 2658 post
684 2604 856 2657 tempore
885 2602 1085 2644 interiisse.

382 2665 567 2723 Similiter
595 2679 694 2721 inter
713 2676 953 2737 se'pugnant
971 2695 1032 2722 vv.
1055 2679 1137 2725 566
1146 2680 1268 2724 -571
1295 2686 1334 2723 et
1355 2680 1449 2726 584.
1477 2695 1566 2722 nam
1587 2681 1716 2737 priore
1737 2678 1823 2722 loco
1845 2685 2051 2737 postquam
2075 2679 2123 2723 de
2137 2680 2312 2724 Althaea
2339 2679 2418 2723 filio
2446 2686 2610 2723 mortem

184 2758 391 2813 imprecata
419 2759 681 2815 copiosissime
709 2760 788 2814 egit
817 2764 942 2814 poeta,
971 2756 1091 2800 altero
1121 2746 1239 2813 (584)
1268 2758 1367 2802 idem
1398 2774 1535 2818 rursus
1570 2757 1729 2801 eandem
1766 2759 1866 2800 inter
1902 2774 1970 2801 eos
1999 2768 2182 2810 recenset,
2212 2763 2277 2816 qui
2307 2759 2493 2802 auxilium
2525 2759 2610 2801 Me-

181 2833 300 2893 leagri
315 2835 606 2895 imploraverint
621 2835 668 2878 de
688 2843 835 2879 mutata
849 2841 972 2879 mente
985 2850 1033 2879 ne
1048 2834 1166 2878 verbo
1177 2834 1331 2892 quidem
1347 2837 1575 2895 interposito
1589 2841 1640 2889 ⁸).
1669 2836 1810 2879 Levior
1828 2835 1888 2878 his
1905 2836 1973 2880 sed
1989 2843 2116 2881 tamen
2128 2836 2298 2880 notanda
2313 2836 2376 2879 illa
2391 2843 2450 2880 est
2463 2836 2608 2880 discre-

182 2914 324 2969 pantia,
340 2928 418 2971 qua
430 2914 478 2958 de
492 2917 674 2974 praemiis
684 2914 880 2973 Meleagro
895 2915 1093 2972 promissis
1109 2903 1396 2961 vv·.576-580
1408 2920 1447 2957 et
1456 2913 1678 2961 598-599
1693 2916 1793 2958 inter
1807 2929 1849 2958 se
1864 2914 2069 2968 dissident3
2084 2931 2249 2974 quorum
2259 2915 2455 2974 prioribus
2467 2915 2515 2959 de
2527 2930 2609 2959 uno

181 2989 283 3034 dono
297 2995 380 3050 agri
395 2996 676 3051 quinquaginta
686 2996 869 3051 jugerum
877 2992 1074 3049 Meleagro
1084 2991 1304 3049 assignandi
1320 2991 1498 3042 traditur,
1505 2993 1787 3049 posterioribus
1804 2993 1852 3036 de
1862 2994 2002 3037 multis.
2033 2991 2341 3044 Quae'dissensio
2358 3009 2609 3052 quamquam,

386 3166 418 3206 ¹)
442 3169 572 3202 Grieeh.
597 3177 681 3210 trag.
707 3171 731 3207 1,
758 3180 788 3211 p.
811 3165 875 3201 22:
900 3170 965 3209 ,Da
988 3170 1038 3201 bei
1059 3170 1177 3201 Homer
1200 3169 1259 3201 der
1282 3167 1352 3201 held
1375 3170 1416 3200 im
1441 3169 1567 3210 kampse
1590 3169 1692 3210 ,εἰν-ὀί,
1711 3169 1862 3202 „academ
1887 3181 1924 3202 er
1949 3170 2088 3212 Calydon
2109 3170 2330 3214 yercttet....‘

384 3243 417 3287 ²)
442 3248 572 3282 Griech.
598 3255 682 3290 trag.
707 3251 785 3283 ibid.

384 3324 419 3367 ι)
443 3328 484 3361 cf.
507 3322 746 3363 Friedlaender.
770 3331 854 3363 Phil.
878 3331 937 3364 lv.
960 3327 993 3363 4.
1017 3342 1050 3373 p.
1075 3326 1142 3364 583
1166 3341 1215 3372 aq.

2313 3396 2338 3441 3
