2950 3889
1404 316 1467 365 25

225 471 447 502 neno-non
476 456 581 500 videt
608 470 695 500 esse
721 457 857 500 levius.
914 459 1039 502 Addit
1066 460 1166 503 enim
1195 458 1388 510 subtilius,
1416 471 1497 516 quo
1524 458 1709 501 Phoenix
1738 462 1889 509 utatur,
1929 459 2140 502 disserendi
2170 475 2293 517 genus
2333 473 2412 502 non
2441 461 2536 501 satis
2562 473 2654 501 con·

224 534 374 595 guere-
395 534 596 579 Phoenicis
624 535 793 593 iugenio.
823 536 984 588 *Recte‚
1019 539 1053 580 si
1089 536 1140 581 ad
1175 539 1307 581 vivum
1340 552 1579 589 resecamus,
1622 535 1692 579 sed
1727 535 1917 593 ejusmodi
1951 537 2264 595 offensioniquis
2293 537 2459 588 multum
2486 536 2654 580 tribuere

221 613 341 658 velit?
393 612 494 657 Nam
527 625 680 657 summa
715 616 921 659 sententiae
953 622 1014 660 est
1047 617 1174 673 ipsum
1201 615 1338 659 Jovem
1366 617 1482 672 (511)
1510 615 1728 674 supplicum
1752 615 1846 672 jura
1873 617 1973 658 tueri
2001 615 2050 658 ab
2076 617 2218 672 iisque,
2255 617 2321 673 qui
2359 615 2515 658 illorum
2544 628 2656 672 sper-

185 692 190 697 ’
223 697 495 748 mmmm,
538 682 741 748 superbiae
767 698 938 750 repetere
961 706 1124 750 poenas.
1182 693 1304 750 Atqui
1326 692 1422 735 haee
1449 693 1637 751 simplicia
1665 699 1771 753 sunt·
1784 700 1823 736 et
1850 693 1989 751 plana,
2036 692 2141 735 modi
2169 708 2261 736 vero
2290 709 2334 736 ac
2360 695 2546 743 rationis,
2576 707 2654 749 qua

222 783 370 827 poenae
404 767 584 820 dentur,
607 772 799 827 expositio
827 777 866 814 et
893 786 1006 814 omne
1034 770 1280 829 allegoricum
1309 769 1457 812 dicendi
1486 784 1633 828 genus,
1668 778 1715 815 ut
1741 771 1816 815 alia
1846 771 1978 822 multa,
2009 770 2114 814 velut
2140 772 2396 829 epithetorum
2425 774 2649 815 ornantium

225 850 265 890 in
292 846 455 890 heroum
481 848 721 892 orationibus
750 864 846 892 usus
874 849 946 905 (cs.
975 851 1089 892 etiam
1106 846 1172 901 Ω,
1201 848 1286 893 527
1311 846 1439 906 sqq.)‚
1473 864 1553 893 non
1586 858 1665 894 tam
1687 852 1799 909 ejus,
1844 866 1957 909 quem
1987 851 2204 908 loquentem
2233 851 2340 901 facit,
2386 866 2501 909 quam
2526 853 2649 909 ipsius

225 932 319 970 sunt
343 932 492 985 poetae.
541 927 727 973 'Ceterum
755 928 961 986 allegoriae
989 933 1187 986 praetcrea
1214 927 1392 986 exempla
1418 934 1576 972 exstant
1602 930 1649 979 A,
1677 931 1763 976 442
1790 946 1847 989 sq.
1897 930 1937 979 T,
1967 929 2022 975 92
2052 944 2109 987 sq.

425 1007 726 1065 Progrediamur
754 1007 803 1050 ad
832 1021 899 1050 eos
928 1012 1076 1056 versus,
1102 1007 1177 1063 qui,
1191 1006 1275 1062 jam
1303 1007 1349 1050 G.
1373 1007 1596 1051 Hermanno
1623 1009 1804 1052 videntur
1831 1011 2000 1068 suspecti
2028 1008 2208 1063 finisse»)
2250 1008 2349 1051 Nam
2377 1010 2425 1052 de
2453 1010 2580 1052 reditu
2609 1013 2649 1051 in

226 1087 389 1142 patriam
409 1092 661 1144 posteaquam
681 1086 852 1129 Achilles
867 1086 950 1143 jam
966 1085 1055 1128 inde
1074 1099 1097 1127 a
1117 1101 1153 1126 v.
1168 1085 1252 1130 356
1270 1085 1339 1128 diu
1355 1086 1593 1145 multumque
1615 1089 1731 1131 verba
1759 1088 1857 1140 fecit,
1885 1088 2024 1131 deinde
2043 1088 2223 1131 Phoenix
2250 1088 2336 1144 ejus
2364 1089 2510 1130 consilii
2532 1090 2649 1130 ratio-

226 1177 312 1206 nem
341 1163 477 1206 habuit
505 1178 565 1208 vv.
592 1165 827 1215 434-446,
855 1169 1054 1222 postremo
1081 1166 1220 1206 iterum
1248 1163 1419 1206 Achilles
1447 1169 1500 1208 ita
1528 1179 1607 1208 rem
1636 1169 1772 1225 tetigit,
1798 1173 1855 1218 ut,
1883 1167 2144 1210 discederetne
2172 1180 2221 1209 an
2250 1171 2439 1217 maneret,
2466 1165 2653 1223 postridie

184 1256 193 1264 ·
224 1244 348 1300 prima
376 1242 460 1286 luce
487 1257 574 1287 cum
602 1244 791 1288 Phoenice
819 1257 861 1287 se
880 1242 1179 1286 deliberaturum
1199 1242 1343 1286 diceret
1361 1242 1603 1290 618-619:
1632 1245 1731 1288 idem
1759 1260 1898 1289 rursus
1926 1247 2168 1304 paucissimis
2197 1245 2410 1300 interjectis
2433 1259 2494 1285 vv.
2514 1243 2649 1289 650-

225 1320 308 1366 655
336 1336 380 1364 ea
409 1337 432 1365 a
460 1322 596 1380 legatis
619 1323 732 1379 jubet
757 1323 987 1370 renuntiari,
1015 1336 1114 1378 quae
1142 1336 1258 1365 sensu
1286 1329 1427 1373 carent,
1455 1325 1528 1375 nisi
1558 1323 1740 1367 redeundi
1766 1325 1965 1367 consilium
1985 1339 2066 1368 non
2090 1324 2360 1368 labefactatum
2380 1322 2651 1379 (618-619),

226 1401 292 1445 sed
321 1403 479 1445 omnino
507 1402 621 1460 plane
647 1402 839 1459 abjectum
866 1402 1092 1444 statuimus:
1126 1415 1206 1444 non
1225 1402 1344 1459 Jprius
1371 1417 1414 1445 se
1449 1402 1499 1445 ad
1526 1409 1717 1447 certamen
1744 1403 2037 1454 descensurum,
2073 1415 2190 1460 quam
2218 1403 2364 1447 Hector
2390 1404 2554 1446 incensis
2582 1417 2653 1444 na·

225 1481 338 1525 vibus
366 1483 466 1524 iuter
500 1481 655 1524 caedem
684 1481 921 1525 Graecorum
954 1494 1080 1537 usque
1115 1480 1165 1523 ad
1193 1481 1487 1538 Myrmidonum
1523 1489 1649 1525 castra
1685 1485 1920 1539 pervenerit,
1953 1489 2036 1525 tum
2071 1481 2143 1532 illi,
2178 1488 2479 1538 quantocunque
2512 1481 2654 1539 flagret

224 1558 439 1618 proeliandi
467 1560 619 1610 ardore,
656 1576 679 1603 a
706 1564 839 1618 pug‘na
868 1558 952 1602 sore
979 1558 1251 1603 desistendum.
1310 1559 1411 1603 Cave
1445 1562 1546 1603 euim
1584 1560 1679 1603 haec
1713 1562 1767 1604 ita
1801 1562 2083 1619 interpreteris,
2113 1565 2157 1603 ut
2183 1560 2355 1604 Achilles
2390 1559 2511 1603 dicat:
2544 1563 2583 1602 εἰ
2615 1560 2654 1601 in

225 1639 383 1682 Troade
410 1641 605 1689 manserit,
633 1653 712 1682 non
739 1641 851 1697 prius
877 1648 1005 1681 tamen
1033 1653 1074 1681 se
1102 1637 1385 1687 dimicaturum,
1413 1653 1528 1697 quam
1557 1641 1680 1698 ipsius
1708 1646 1836 1683 castra
1864 1641 1905 1682 in
1932 1639 2136 1682 discrimen
2164 1638 2332 1682 adducta
2353 1641 2452 1691 sint3
2480 1638 2519 1681 id
2547 1638 2652 1696 quod

225 1716 354 1761 n‘oscio
382 1733 431 1762 an
454 1720 620 1777 cuipiam
642 1721 683 1761 in
699 1724 861 1762 mentem
882 1727 1085 1761 venturum
1110 1720 1172 1767 sit,
1202 1721 1269 1776 qui
1288 1717 1388 1761 infra
1404 1725 1613 1777 postquam
1628 1719 1791 1776 Ulysses
1809 1718 2022 1761 discessum
2049 1719 2097 1762 ab
2112 1718 2265 1761 Achille
2280 1718 2552 1762 denunciatum
2570 1732 2653 1760 esse

224 1783 357 1839 retulit
385 1796 483 1852 (682
512 1800 626 1854 sqq),
656 1796 879 1839 Diomedem
908 1797 1121 1838 meminerit
1155 1798 1211 1839 sic
1246 1796 1462 1854 loquentem
1493 1811 1515 1839 a
1544 1803 1658 1854 poeta
1692 1796 1841 1839 induci:
1877 1795 1957 1838 ἀλλ’
1988 1795 2015 1855 ἦ
2045 1811 2106 1838 τοι
2133 1799 2267 1838 κεῖνον
2292 1797 2373 1853 μὲν
2400 1796 2595 1851 ἐάσομεν,
2623 1795 2652 1854 ἧ

224 1891 295 1918 κεν
323 1873 430 1934 ἴῃσιν
460 1876 467 1932 l
496 1873 522 1933 ἦ
551 1890 598 1916 κε
624 1875 743 1933 μένῃ·
774 1875 865 1917 τότε
893 1873 930 1916 δ’
960 1873 1065 1916 αὖτε·
1084 1875 1315 1932 μαχήσεται
1344 1875 1498 1917 ὁππότε
1525 1875 1596 1917 κέν
1620 1890 1691 1931 μιν
1721 1875 1728 1931 Ι
1757 1873 1898 1930 θυμὸς·
1935 1874 1994 1915 ἐνὶ
2029 1874 2249 1934 στήθεσσιν
2285 1876 2427 1933 ἀνώγῃ
2455 1875 2523 1916 καὶ
2550 1874 2656 1919 θεὸς

227 1953 334 2010 ὄρσῃ
362 1953 630 2007 (701-703).
677 1954 853 2002 Quorum
880 1960 1076 2010 postrema
1105 1952 1375 2010 τότε-ὄρσῃ
1402 1956 1651 2010 perspicuum
1679 1959 1740 1995 est
1766 1968 1845 1994 non
1875 1953 1986 1995 aliter
2018 1968 2135 2010 posse
2165 1954 2323 2009 intelligi
2353 1957 2445 1995 nisi:
2482 1957 2529 1994 Si
2561 1968 2653 1995 vero

225 2033 420 2082 manserit,
450 2038 531 2074 tum
560 2036 698 2075 iterum
727 2032 917 2090 pugnabit
944 2046 975 2075 e.
1002 2046 1039 2088 q.
1068 2045 1099 2073 s·
1139 2030 1285 2074 Verum
1314 2045 1384 2074 cur
1412 2031 1487 2074 boc
1513 2031 1599 2075 loco
1628 2033 1682 2074 ita
1708 2031 1817 2088 loqui
1842 2030 2008 2074 licebat?
2052 2030 2222 2083 Licebat,
2250 2034 2402 2089 opinor,
2431 2031 2520 2074 ideo
2548 2031 2655 2088 quod

226 2116 336 2154 antea
366 2110 510 2154 dictum
538 2117 622 2154 erat
658 2109 687 2170 ἤ
712 2125 791 2167 μεν
830 2108 935 2168 ἴῃσιν
970 2108 997 2167 ἧ
1033 2114 1087 2152 κε’
1115 2108 1248 2167 μένῃ,
1285 2124 1305 2152 e
1341 2112 1485 2167 quibus
1520 2109 1625 2153 istud
1662 2113 1711 2161 ,si
1744 2113 1930 2150 manser-ic
1971 2108 2080 2152 facile
2110 2109 2426 2153 subaudiebatur.
2485 2110 2540 2152 At
2568 2117 2655 2153 ante

225 2204 286 2233 vv.
316 2188 399 2236 650
427 2203 512 2248 sqq.
540 2188 661 2233 simile
688 2182 893 2248 praecedit
910 2187 1017 2232 nihil.
1075 2185 1191 2238 Quod
1240 2201 1359 2245 quum
1403 2188 1444 2232 hi
1476 2201 1613 2233 versus
1656 2186 1730 2231 illis
1774 2188 1989 2246 comparari
2034 2194 2246 2245 nequeant,
2293 2195 2455 2246 apparet
2488 2201 2568 2231 rem
2606 2187 2654 2231 ad

221 2271 261 2316 id
289 2268 396 2328 quod
422 2262 646 2327 scripsimus
674 2267 818 2319 redire,
844 2275 891 2310 ut
916 2265 1114 2326 putandus
1144 2267 1195 2309 sit
1224 2265 1394 2310 Achilles
1423 2282 1473 2311 ex
1503 2281 1581 2325 quo
1602 2281 1638 2310 v.
1659 2265 1742 2312 618
1762 2279 1821 2324 sq.
1851 2267 2119 2324 pronunciarit
2147 2269 2387 2325 superiorem
2418 2267 2647 2310 sententiam

225 2362 389 2408 prorsus
416 2353 585 2391 mutasse
614 2354 653 2391 et
674 2347 757 2404 jam
785 2362 939 2391 manere
967 2349 1005 2390 in
1033 2345 1190 2390 Troade
1218 2350 1406 2389 statutum
1435 2345 1761 2404 deliberatumque
1789 2360 1875 2390 cum
1905 2348 2033 2389 auimo
2061 2345 2221 2397 habere,
2268 2360 2500 2403 quamquam
2539 2345 2654 2388 modo

227 2428 274 2472 de
304 2443 349 2472 ea
376 2442 419 2471 re
447 2426 568 2470 eidem
598 2426 785 2485 postridie
812 2425 965 2470 demum
995 2424 1205 2470 deliberare
1234 2424 1509 2483 consiliumque
1538 2440 1673 2484 capere
1701 2427 1825 2470 visum
1849 2424 1965 2468 suerit
1986 2424 2086 2480 (618
2114 2428 2205 2482 sq.).

428 2505 539 2550 Patet
566 2511 693 2550 autem
724 2505 823 2549 hanc
851 2505 1016 2549 subitam
1044 2503 1255 2548 voluntatis
1282 2491 1531 2548 mutationem
1560 2503 1782 2561 consiliique
1795 2503 1968 2562 capiendi
1985 2502 2295 2546 accelerationem
2318 2505 2486 2552 maxime
2511 2504 2652 2548 idcirco

225 2587 413 2644 permiras
451 2584 639 2634 accidere,
690 2583 794 2640 quod
828 2583 934 2626 ultro
970 2589 1061 2626 sunt
1086 2582 1208 2626 factae
1244 2588 1283 2627 et
1309 2582 1422 2641 plane
1449 2582 1758 2640 imprudentibus
1786 2582 1910 2625 nobis.
1966 2580 2102 2638 Neque
2130 2583 2230 2624 enim
2262 2583 2466 2639 quisquam
2506 2583 2652 2625 interea

227 2664 417 2708 Achillem
438 2663 666 2713 sollicitavit,
694 2667 740 2704 ut
759 2661 832 2704 hoc
850 2663 1106 2719 potissimum,
1135 2676 1390 2704 mansurusne
1405 2667 1506 2704 esset
1521 2676 1571 2704 an
1593 2660 1780 2711 abiturus,
1805 2661 1886 2716 jam
1914 2666 2006 2702 tunc
2026 2658 2219 2711 definiret3
2246 2675 2360 2703 nemo
2374 2675 2474 2710 eum,
2498 2662 2649 2702 etiamsi

227 2751 320 2787 tunc
347 2757 459 2802 opem
487 2741 587 2785 ferre
614 2740 742 2790 nollet,
772 2745 813 2782 at
839 2739 958 2782 futuri
987 2745 1086 2782 certe
1107 2753 1215 2798 spem
1235 2739 1371 2783 auxilii
1398 2738 1599 2782 ostendere
1622 2739 1751 2795 jussit.
1799 2737 1935 2780 Incidit
1952 2739 2073 2796 igitur
2095 2737 2155 2779 ille
2185 2739 2223 2779 in
2245 2738 2463 2781 istiusmodi
2483 2753 2649 2796 respon·

229 2837 314 2866 sum
342 2836 509 2881 prorsus
538 2821 759 2878 improviso.
812 2817 946 2868 Quid?
973 2817 1079 2875 quod
1106 2817 1207 2861 idem
1234 2816 1295 2860 vel
1324 2817 1396 2861 sibi
1424 2819 1506 2875 ipse
1532 2832 1671 2874 parum
1700 2818 1875 2860 conscius
1904 2814 2056 2858 videtur
2084 2830 2179 2866 esse,
2208 2830 2322 2872 quam
2351 2831 2431 2860 non
2458 2816 2553 2860 haec
2581 2832 2655 2860 no·

228 2903 384 2945 vissima
423 2915 503 2944 vox
537 2914 623 2942 cum
651 2913 698 2941 eo
727 2899 918 2948 concinat,
959 2896 1064 2954 quod
1095 2896 1277 2938 P'hoenici
1312 2895 1428 2937 modo
1458 2895 1568 2937 dixit.
1626 2895 1724 2938 Nam
1752 2900 1797 2936 ut
1823 2894 1942 2937 ullam
1972 2900 2140 2936 mutatae
2167 2896 2305 2936 mentis
2334 2894 2652 2952 significationem

183 3004 188 3010 ·
227 2979 357 3022 verbis
396 2980 478 3021 suis
513 2977 740 3035 adspergat,
777 2980 927 3018 tantum
952 2974 1071 3025 abest,
1098 2979 1145 3016 ut
1171 2987 1218 3016 ue
1246 2973 1322 3016 hoc
1349 2973 1515 3030 quidem,
1542 2987 1767 3015 mansurum
1796 2987 1837 3015 se
1866 2987 1963 3021 esse,
1987 2973 2163 3014 enunciet
2191 2973 2331 3028 ipsum,
2359 2973 2427 3015 sed
2455 2973 2570 3030 plane
2599 2976 2655 3016 ita

229 3057 422 3116 loquatur,
448 3063 632 3114 tanquam
661 3055 710 3099 de
737 3053 985 3111 relinquendo
1013 3054 1184 3096 exercitu
1212 3067 1407 3109 nunquam
1436 3053 1671 3110 cogitaverit.
1727 3050 1794 3094 An
1828 3050 1876 3094 de
1918 3049 2107 3094 industria
2143 3048 2289 3092 consilii
2326 3052 2577 3094 mutationem
2605 3051 2655 3095 ab

229 3150 274 3178 eo
303 3134 537 3179 dissimulari
566 3139 757 3193 putemus,
786 3132 891 3192 quod
910 3135 1064 3176 nimiam
1085 3133 1200 3175 animi
1228 3133 1520 3175 inconstantiam
1545 3129 1655 3174 fateri
1676 3145 1763 3173 eum
1788 3129 1959 3187 pudeat?
2010 3128 2089 3173 Sed
2108 3129 2276 3186 primum
2296 3127 2435 3172 licebat
2454 3131 2502 3173 iis
2526 3129 2658 3174 verbis

435 3273 628 3316 ¹.)Orphic
650 3269 797 3316 p.=687
830 3271 1662 3317 ,Quamqnamukaorouhmmerdinmioa
1687 3271 1898 3309 Schneider-o,
1931 3270 2591 3313 quemme-praefatione
2614 3273 2658 3303 ad

235 3332 354 3375 Orphe-⁶
375 3332 596 3376 Ametinum
618 3343 679 3375 asp
662 3333 756 3366 cruit.
795 3332 910 3423 oVeluts'
936 3343 1030 3375 quun
1059 3331 1210 3365 decimum
1240 3330 1354 3363 Ιῶηω
1375 3329 1492 3363 Iliad-‘s
1502 3328 1610 3371 setiam
1632 3338 1836 3361 eoeswccume
1820 3332 1850 3360 et
1873 3336 2062 3369 &tanqum
2079 3327 2198 3370 hyemis·
2215 3327 2369 3369 languido·
2390 3338 2460 3362 esee
2484 3329 2648 3362 contendit.

231 3390 309 3422 nim
330 3391 364 3423 in
387 3391 525 3434 septimo,
548 3390 723 3422 πίλίιοπο
724 3394 795 3422 cave
853 3400 916 3423 non
945 3401 987 3422 sn
1007 3389 1109 3432 fine
1139 3389 1255 3428 noni,
1286 3398 1365 3421 non
1394 3388 1436 3419 in
1469 3387 1580 3419 oivbt
1611 3396 1687 3418 oso
1718 3388 1775 3418 Ac
1784 3386 1827 3417 ln
1819 3386 1888 3418 ‘cll
1911 3385 2048 3418 haerens

2357 3451 2382 3493 7
