2950 3889
1336 292 1399 340 29

158 435 316 482 liabent.
373 433 672 492 Velut,>›quum
705 433 902 479 nonnullis
933 435 1149 493 postoeiore
1180 433 1247 479 illo
1262 448 1471 492 gresponso
1506 434 1646 479 laetam
1676 433 1833 479 Graecis
1860 449 1967 492 spem
2004 435 2139 480 afferre
2167 435 2340 482 Achillea
2367 435 2577 485 vim-r,

147 514 225 559 -al’n
251 512 627 570 sumanmulyssis
653 511 825 570 ejusdem
853 514 1297 572 responsi'exeusaruat
1327 515 1530 558 atrocitate
1564 512 1710 569 (schol.
1741 512 1805 556 alt.
1833 513 1874 556 A
1900 513 1951 557 ad
1978 513 2064 560 688
2088 516 2151 558 ὅτι
2178 539 2234 551 -
2259 513 2581 573 &aptatum

151 592 207 638 ef.
230 592 344 638 Euat.
367 606 420 655 φ.-
441 590 536 644 783,
564 590 691 638 elin.
718 590 775 637 20
802 606 888 650 sqq.
910 591 982 636 καὶ
1005 590 1160 649 μᾶλλον
1176 615 1236 628 ν-
1265 590 1516 652 &apponi-loy
1545 591 1853 651 [ἐξαφανίσῃῗ]
1874 588 2062 650 Ἀχαιοὺς
2085 594 2109 635 ὁ
2127 588 2323 652 Ἕκτωρ).
2358 595 2412 637 *Α
2437 591 2581 651 quibus

154 686 283 731 ⁴puope
308 671 419 714 abest
443 664 727 723 eorum-ratio,
763 674 832 729 qui
857 670 1038 729 Ulyssem
1054 670 1223 715 :omnino
1251 671 1336 723 ,διὰ
1364 672 1410 714 τὸ
1438 671 1571 731 ἀηδὲς
1595 674 1671 732 τῆς
1697 669 1956 733 ὑπᾳθέσεως*
1982 670 2204 716 relationem
2232 676 2273 716 in
2300 673 2414 716 breve
2440 686 2581 731 eogere

157 753 378 794 summunt
403 749 558 802 (aenou.
586 750 697 794 ALv
725 749 778 793 ad
802 749 918 805 688).
972 748 1085 799 Quos
1111 749 1285 808 fugiebat
1309 751 1463 808 potiora
1492 750 1541 794 de
1566 752 1626 802 iis,
1654 764 1756 808 quae
1783 749 1955 792 Achilles
1978 749 2247 802 mandaverat,
2274 753 2409 808 utique
2434 762 2581 794 raim·

153 828 295 871 danda
313 827 445 876 fuisse.
471 830 554 871 sive
573 828 672 871 laeta
691 836 802 872 erant
828 834 867 871 et
892 828 1006 877 lenia,
1031 829 1113 871 sive
1139 829 1265 871 tristia
1289 843 1337 871 ea
1361 834 1402 871 et
1428 832 1594 880 atrocia3
1621 829 1669 872 cl:
1689 844 1725 872 v.
1741 828 1825 874 626
1844 842 1903 885 sq.
1929 828 2173 883 ἀπαγγεῖλαι
2201 828 2249 871 δὲ
2275 830 2447 887 τάχιστα
2463 830 2481 884 l*
2493 829 2580 888 χρὴ

147 904 297 964 fawele
325 905 534 955 Δαναοῖσι,
563 907 645 949 καὶ
679 906 768 950 οὐκ
795 904 996 971 ἀγαθόν
1022 906 1316 964 περ-ἐόντα.
1370 908 1503 966 Atque
1530 916 1576 952 ut
1602 909 1720 951 nimia
1748 906 1852 952 illius
1879 907 2005 957 vocis,
2039 909 2074 949 si
2102 921 2180 964 qua
2206 913 2306 957 erat,
2332 912 2424 950 -erat
2450 912 2579 950 autem

156 985 282 1037 nulla,
311 984 444 1028 verbis
469 985 684 1043 mitiganda
717 985 835 1029 suerit
861 987 1063 1037 atrocitas,
1098 990 1140 1029 nt
1175 987 1300 1044 ipsam
1327 1001 1408 1030 rem
1428 1001 1516 1037 ,uon
1542 987 1733 1036 debebant
1759 986 1878 1044 legati
1905 987 2017 1030 istam
2046 985 2200 1044 quidem
2228 985 2279 1028 ob
2307 999 2461 1028 causam
2486 988 2581 1029 reti·

154 1076 253 1106 cere.
308 1063 556 1121 Relinquitur
582 1070 674 1122 post
699 1069 761 1106 tot
785 1063 1068 1106 infelicissimos
1095 1069 1264 1107 conatus
1284 1078 1376 1115 una,
1402 1079 1502 1121 quae
1525 1065 1693 1108 melioris
1717 1074 1834 1108 notae
1861 1068 1924 1115 sit,
1955 1067 2176 1115 excusatio;
2209 1078 2294 1106 eam
2323 1063 2429 1114 dieo,
2464 1079 2580 1122 qua-

156 1141 288 1185 mnltis
322 1141 408 1186 aliis
452 1146 705 1194 enumeratis,
742 1150 815 1186 cur
856 1156 906 1186 ne
939 1142 1050 1198 Ajax
1094 1142 1248 1200 quidem
1291 1142 1454 1187 alterum
1489 1143 1651 1188 Achillis
1699 1158 1932 1202 responsum
1975 1130 2137 1195 reserat3
2182 1149 2380 1201 postremo
2423 1141 2581 1199 subjicit

154 1219 406 1264 Eustathius:
432 1226 558 1264 tacere
585 1222 706 1272 illum,
735 1220 844 1278 quod
870 1221 911 1263 id
932 1227 1045 1271 certe,
1072 1235 1151 1279 quo
1175 1236 1326 1264 summa
1347 1224 1619 1273 contineretur.
1645 1230 1747 1266 reete
1769 1224 1852 1279 jam
1881 1223 1930 1266 ab
1955 1222 2097 1280 Ulysse
2121 1225 2174 1265 sit
2201 1221 2424 1272 indicatum.
2450 1221 2584 1264 eondi-

156 1301 283 1343 tiones
309 1300 616 1358 Agamemnonis
652 1299 700 1344 ab
727 1299 880 1343 Achille
914 1299 1112 1359 repudiari
1146 1301 1213 1359 (p.
1243 1299 1339 1353 783,
1366 1300 1423 1346 26
1450 1315 1533 1359 sqq.
1562 1300 1694 1344 ἐκεῖνο
1728 1301 1779 1344 δὲ
1808 1327 1862 1335 -
1891 1301 1936 1345 ἐν
1976 1301 2101 1359 ὀλίγῳ
2139 1302 2185 1344 τὸ
2220 1303 2340 1355 πᾶν).
2396 1298 2443 1342 ld
2475 1298 2583 1357 quod

156 1379 434 1438 acciperemus,
470 1379 504 1423 si
530 1381 690 1424 omnino
716 1379 854 1437 AJacis
874 1384 976 1424 esset
1002 1378 1157 1439 Ulyssis
1183 1378 1407 1426 relationem
1435 1379 1628 1440 supplere.
1686 1379 1764 1424 Sed
1793 1379 2027 1425 monendum
2061 1378 2137 1423 snit
2165 1379 2250 1437 jam
2282 1391 2404 1438 supra
2437 1391 2582 1422 renun-

150 1459 248 1501 ciari
274 1457 324 1501 ab
353 1456 495 1516 ulysse
520 1458 686 1502 Achillis
712 1471 903 1516 responsa
930 1461 1102 1503 omnium
1128 1458 1345 1516 legatorum
1372 1449 1558 1511 nomine}
1573 1466 1811 1518 quapropter
1838 1472 1937 1516 quae
1965 1458 2167 1503 referenda
2192 1463 2323 1509 erant,
2350 1472 2398 1500 ea
2425 1457 2475 1501 ab
2502 1456 2578 1499 hoe

155 1550 235 1580 uno
261 1535 399 1580 mserri
423 1536 632 1595 oportebat
656 1538 798 1580 omnia.

353 1615 576 1674 Apparebit
596 1615 699 1672 jam,
734 1620 781 1659 ut
806 1617 966 1674 opinor,
1003 1616 1111 1674 quod
1136 1616 1284 1661 frustm
1310 1623 1458 1661 veteres
1484 1619 1587 1662 vires
1614 1618 1757 1676 ingenii
1792 1619 1974 1661 acen-ime
2000 1617 2246 1661 intenderunt
2279 1622 2324 1660 ut
2352 1615 2503 1673 Ulyssis
2531 1616 2584 1658 si-

153 1693 313 1737 lentium
341 1701 591 1744 excusarent,
626 1693 769 1738 idcireo
796 1694 940 1738 factum
967 1709 1070 1747 esse,
1105 1697 1197 1753 quia
1237 1699 1418 1739 excusari
1454 1696 1550 1739 illud
1592 1698 1749 1740 omnino
1790 1702 1965 1753 nequeat.
2023 1696 2138 1746 Quod
2173 1711 2293 1753 quum
2322 1697 2375 1739 ita
2404 1695 2473 1744 sit,
2506 1694 2580 1735 nisi

153 1773 254 1818 forte
280 1778 449 1817 statuere
475 1772 670 1817 malumus
709 1774 767 1827 id,
810 1776 851 1818 in
881 1789 960 1833 quo
987 1788 1102 1819 nemo
1128 1789 1209 1819 non
1236 1774 1381 1828 haeret,
1408 1775 1468 1820 vel
1497 1790 1657 1820 acumen
1684 1775 1830 1835 fugisse
1857 1781 1994 1834 poetae
2021 1777 2251 1825 acutissimi,
2286 1773 2346 1817 vel
2382 1772 2578 1817 serendum

154 1854 279 1896 visum
314 1867 399 1896 esse
433 1852 737 1912 elegantissimo,
772 1868 1010 1913 consequens
1044 1860 1121 1906 est,
1157 1860 1204 1898 ut
1235 1855 1487 1912 conjiciamus
1521 1864 1591 1900 aut
1623 1855 1672 1899 de
1702 1855 1853 1914 Ulyssis
1881 1856 2066 1899 relatione
2094 1855 2154 1898 vel
2181 1869 2274 1898 casu
2301 1851 2493 1896 excidisse
2521 1852 2579 1895 vel

154 1931 331 1976 consulto
358 1931 484 1975 deleta
508 1945 593 1975 esse
620 1932 822 1990 quaedam,
851 1933 993 1991 quibus
1020 1933 1082 1977 ille
1109 1933 1161 1977 de
1185 1937 1400 1993 posteriore
1428 1934 1590 1978 Achillis
1617 1949 1806 1994 responso
1834 1937 2094 1984 renunciaret,
2130 1940 2268 1977 aut—
2291 1932 2366 1975 hoc
2400 1934 2527 1989 ipsum
2558 1946 2580 1973 a

154 2013 320 2055 carmine
360 2012 529 2069 primum
571 2010 752 2055 abfuisse.
808 2012 933 2070 Atqui
967 2011 1016 2056 de
1059 2011 1252 2057 industria
1288 2013 1407 2058 deleri
1448 2016 1516 2058 vix
1550 2020 1781 2072 potuerunt,
1823 2028 1922 2072 quae
1957 2028 2031 2057 suo
2065 2013 2151 2056 loeo
2186 2013 2397 2056 rectissime
2429 2025 2471 2055 se
2506 2010 2584 2054 ba-

153 2090 300 2134 berent.
356 2089 436 2134 Nec
461 2104 554 2133 vero
583 2093 707 2150 magis
734 2078 986 2150 proliabiliter
1013 2101 1119 2135 casu'
1134 2092 1325 2136 excidisse
1352 2095 1649 2152 suspicaremur,
1677 2107 1777 2150 quae
1804 2108 1851 2136 ne
1878 2095 1919 2136 in
1947 2094 2223 2151 antiquissimis
2251 2090 2405 2149 quidem
2424 2089 2583 2133 Homeri

153 2168 387 2214 editionibus
411 2176 573 2229 reperta
608 2169 727 2214 fixisse
762 2171 869 2227 ipsae
903 2169 1011 2221 illae,
1047 2185 1145 2228 quas
1181 2171 1372 2215 silentium
1401 2171 1556 2230 Ulyssis
1589 2173 1792 2224 excitavit,
1826 2171 2183 2215 Alexandrinorum
2199 2171 2492 2232 ,disputationes
2521 2183 2584 2211 ar-

153 2254 292 2306 guunt.
350 2248 463 2292 Patet
489 2250 591 2292 enim
617 2248 668 2292 ad
696 2248 871 2308 singulas
898 2249 984 2293 illas
1011 2249 1198 2294 editiones
1226 2250 1446 2295 condendas
1484 2258 1552 2295 aut
1578 2251 1788 2295 multorum
1823 2250 2111 2310 rhapsodorum
2140 2251 2360 2294 ministeriis
2396 2254 2466 2292 aut
2491 2262 2584 2291 eon-

149 2327 286 2383 juucta
307 2327 475 2386 plurium
496 2326 793 2371 Homeridarum
806 2333 846 2383 2)
875 2343 994 2387 opera
1020 2327 1208 2372 utendum
1234 2328 1364 2373 fuisse.
1409 2329 1560 2380 Quibus
1587 2344 1637 2373 ne
1663 2332 1759 2388 ipsis
1781 2330 1934 2388 quidem
1963 2336 2098 2372 notum
2128 2344 2212 2372 esse
2237 2333 2437 2386 potuerat,
2465 2327 2586 2384 quod,

155 2420 275 2464 quum
303 2408 522 2466 suspicione
556 2413 728 2459 vacaret,
764 2412 891 2451 tamen
925 2409 966 2450 'm
1003 2409 1290 2462 antiquissimas
1318 2409 1403 2454 illas
1432 2409 1618 2454 editiones
1662 2424 1741 2453 non
1776 2415 1971 2467 receptum
2005 2415 2117 2453 esset.
2173 2409 2298 2463 Atqui
2333 2421 2454 2461 quum
2482 2419 2583 2449 nun·

149 2501 286 2545 quam,
312 2500 440 2546 usque
466 2487 558 2531 dum
587 2480 669 2531 hae¹
690 2486 876 2531 editiones
901 2486 1097 2531 consectae
1119 2494 1230 2539 sunt,
1258 2487 1319 2532 vel
1344 2487 1474 2531 studia
1492 2486 1698 2532 Homerica
1724 2487 1784 2532 vel
1812 2487 2107 2533 declamationes
2135 2486 2426 2546 rhapsodorum
2453 2499 2583 2529 cessa·

154 2569 289 2617 verint,
309 2581 403 2610 num
423 2565 600 2610 credibile
620 2572 690 2617 est,
718 2568 751 2609 si
770 2566 864 2624 quid
885 2568 1096 2624 genuinum
1111 2572 1213 2610 esset
1238 2572 1278 2610 et
1291 2566 1532 2616 malatinam,
1556 2567 1677 2624 hujus
1696 2568 1921 2610 memoriam
1940 2572 2023 2610 tam'
2037 2566 2152 2624 plane
2171 2566 2370 2610 obliterari
2396 2566 2585 2621 potuisse,

152 2653 198 2690 ut
221 2652 290 2691 aut
305 2660 438 2690 omnes
459 2651 528 2689 aut
549 2651 651 2689 certe
676 2645 849 2704 plerique
868 2646 1094 2703 ignorarent
1122 2646 1161 2696 ii,
1189 2647 1258 2703 qui
1284 2645 1345 2689 vel
1374 2645 1424 2690 ad
1452 2661 1568 2689 unam
1597 2646 1748 2690 illarum
1779 2645 1992 2702 editionum
2020 2643 2260 2689 condendam
2288 2642 2582 2693 adhiberentur,

154 2726 295 2770 nedum
310 2728 376 2784 qui
393 2725 445 2769 ad
458 2725 684 2768 universas?
712 2724 844 2782 Itaque
859 2739 958 2782 quae
969 2723 1226 2768 Alexandrini
1239 2740 1319 2768 non
1333 2725 1522 2782 legerunt,
1536 2742 1582 2769 ea
1597 2741 1646 2769 ne
1665 2726 1822 2769 affuisse
1842 2724 1996 2782 quidem
2012 2731 2125 2768 antea
2143 2725 2402 2781 conjiciemus.
2434 2722 2580 2765 Contra

154 2810 200 2846 ut
225 2819 251 2846 a
275 2804 492 2861 posteriore
519 2818 635 2847 manu
663 2817 724 2846 vv,
752 2801 989 2847 650-655
1018 2801 1173 2846 additos
1206 2807 1453 2861 putaremus,
1488 2803 1549 2846 vel
1587 2803 1662 2846 alia
1698 2817 1818 2861 eaque
1855 2805 1950 2846 satis
1984 2805 2119 2862 gravia
2146 2800 2377 2845 suadebant:
2414 2802 2584 2859 pri-um

153 2883 272 2926 nimia
298 2881 365 2927 illa
392 2883 556 2928 Achillis
585 2883 851 2933 inconstantia,
878 2880 1016 2925 deiude
1043 2884 1143 2926 mira
1168 2883 1249 2926 sive
1276 2881 1469 2939 ejusdem,
1505 2884 1585 2926 sive
1619 2888 1755 2940 poetae
1786 2882 1836 2926 de
1873 2884 2000 2926 causis
2028 2887 2197 2924 mutatae
2223 2881 2435 2923 sententiae
2468 2885 2584 2936 atque

154 2961 252 3006 adeo
278 2962 329 3007 de
353 2964 510 3021 ipsare
536 2962 637 3006 facta
663 2961 867 3013 silentium,
893 2959 1058 3019 denique
1075 2962 1260 3019 Phoenix
1292 2964 1376 3007 sine
1402 2961 1482 3004 ulla
1507 2964 1657 3006 ratione
1683 2962 1788 3021 apud
1821 2961 2006 3005 Achillem
2033 2973 2245 3004 remanens.
2301 2958 2453 3008 Quibus
2479 2971 2586 3001 nme

362 3102 396 3165 ι.)
417 3127 462 3162 Inv
486 3129 692 3170 Μαί.
723 3127 899 3169 legendn-
929 3126 1077 3161 videtur-2
1120 3120 1276 3169 (qs-sitm
1313 3119 1376 3156 διὰ
1415 3120 1454 3157 τί
1479 3119 1574 3165 μετὰ
1616 3120 1696 3169 τὴν
1749 3121 1868 3168 πρὸς
1905 3120 2056 3158 αὐτὸν
2091 3119 2156 3167 τὴν
2188 3118 2281 3165 πρὸς
2310 3115 2445 3155 Αἴαντα
2470 3116 2584 3169 ’Διελ-

150 3178 247 3271 ξζς
272 3179 464 3274 magu
493 3180 540 3214 οὐ
571 3178 682 3226 λέγει.
728 3186 768 3218 ιιι
801 3185 975 3227 rorphyrii
1010 3184 1135 3218 scholio
1163 3181 1218 3223 (Β
1242 3185 1284 3218 ια
1308 3179 1404 3224 688)
1438 3179 1629 3225 ἐπικρίνειν
1653 3185 1737 3222 (un.
1761 3180 1832 3226 25)
1867 3194 1934 3217 uon
1955 3184 2118 3225 intelligo.
2164 3192 2208 3215 m
2242 3177 2506 3224 ἀποκρίνεσθαι
2529 3183 2585 3216 nl

227 3248 270 3283 xp
406 3249 417 3271 ι

359 3308 394 3350 ²)
416 3311 613 3344 Homeridaa
635 3321 702 3344 non
721 3298 831 3345 solnm
849 3311 948 3345 Chios
971 3312 1045 3344 illos
1067 3311 1227 3352 intelligo,
1250 3313 1307 3345 aed
1331 3312 1462 3344 omnino
1484 3312 1703 3353 quarumlibet
1724 3313 1871 3353 gentium
1895 3311 2142 3344 Homericam-nm
2163 3311 2314 3349 sodalem
2348 3321 2486 3351 quarum
2502 3320 2583 3351 gen·

155 3368 236 3401 tium
257 3378 418 3411 magnum
435 3369 538 3404 ωηο
554 3379 727 3405 numerian
749 3358 938 3405 aeutimm'e
955 3370 1193 3404 demonstravit
1210 3368 1473 3411 senech-asenna
1495 3370 1530 3402 in
1552 3369 1649 3403 Hom.
1672 3369 1812 3403 Dissert-
1834 3374 1920 3411 post.
1950 3379 1982 3411 p.
2005 3363 2052 3401 44
2074 3377 2148 3410 sqq.

2287 3430 2316 3475 8
