2950 3889
1500 326 1566 375 30

308 466 451 511 addere
479 468 581 519 licet,
618 466 744 525 quod,
780 472 827 510 ut
854 467 1052 521 Phoenix,
1091 472 1145 515 ita
1172 486 1220 514 nc
1246 470 1364 529 legati
1392 469 1547 528 quidem
1574 470 1773 527 posterius
1807 468 1903 513 illu‘d
1930 484 2164 530 responsum
2192 472 2395 517 videantur
2419 473 2588 516 novisse.
2644 471 2755 523 Quae

306 547 446 589 turbae
473 546 578 603 quod
606 560 741 588 omnes
768 544 861 589 uno
879 547 1094 607 eodemque
1121 548 1207 593 loco
1235 551 1468 600 concientur,
1495 549 1584 606 quis
1611 547 1774 590 fortuito
1801 546 1946 591 factum
1973 563 2060 594 esse
2080 550 2259 599 ‘cr-edat?
2313 550 2435 595 lnmo
2467 548 2625 610 patefit
2653 545 2752 594 istos

308 640 378 668 sex
406 625 620 667 versiculos
649 624 750 681 (650
766 627 924 680 -655)
954 629 1122 684 primum
1153 643 1176 671 a
1205 631 1371 671 carmine
1399 627 1580 670 abfuisse.
1637 625 1753 675 Quod
1788 627 1841 668 ci·
1862 629 2085 679 statuimus,
2113 631 2246 674 omnia
2273 628 2340 677 ma
2360 629 2445 687 jan
2471 629 2752 674 noctiani-ozae

306 704 460 747 habent.
517 703 617 747 Nam
647 705 813 762 primum
843 704 950 747 nulla
974 705 1058 762 jam
1088 712 1149 762 est
1175 709 1293 751 nimia
1321 706 1482 751 Achillis
1511 706 1780 755 inconstantia,
1808 706 1874 762 qui
1904 706 1944 748 in
1968 720 2021 749 eo
2047 713 2214 765 perstet,
2242 707 2349 767 qnod
2374 707 2568 752 facul-tm
2595 719 2750 751 sesne

303 798 364 825 vv.
387 782 611 829 618-619
634 782 829 826 indicavit.
875 782 1023 826 Deinde
1049 798 1131 827 non
1155 787 1239 839 jam
1261 788 1402 828 mirum
1430 790 1499 835 est,
1529 783 1634 840 quod
1661 782 1711 826 de
1734 784 1864 826 causis
1882 788 2055 828 mutatae
2074 784 2286 830 voluntatis
2313 792 2429 844 poeta
2447 801 2509 829 vv.
2528 783 2749 830 650—656

303 861 401 905 nibil
430 860 608 918 subjicit;
636 860 676 904 id
708 860 814 919 quod
840 875 890 904 ne
917 866 1075 919 poterat
1101 863 1256 920 quidem
1286 864 1429 915 facere,
1465 865 1556 921 quia
1582 861 1764 906 voluntas
1809 863 1968 905 omnino
2009 869 2159 908 mutata
2203 878 2284 908 non
2318 870 2420 916 erat,
2454 878 2526 908 nec
2564 865 2653 923 ipae
2684 862 2748 907 ἣδε

305 941 378 984 hos
406 955 545 984 versus
574 947 771 999 posuerat.
812 940 946 998 Neque
969 943 1093 1000 magis
1113 941 1276 1000 Ulysses
1304 948 1459 1002 poterat
1483 955 1713 1001 responsum
1741 943 1976 993 renuntiare,
2003 941 2109 1000 quod
2146 941 2282 987 datum
2313 958 2394 988 non
2421 947 2538 988 erat--
2573 942 2747 1000 Denique

300 1021 396 1064 illud
424 1035 582 1078 quoque
611 1026 712 1063 recte
740 1019 796 1070 fit,
824 1019 931 1076 quod
961 1019 1142 1063 Phoenix
1171 1022 1279 1079 apud
1307 1022 1497 1065 Achillem
1524 1026 1713 1072 remanet,
1746 1034 1874 1078 neque
1910 1021 2012 1064 enim
2049 1035 2101 1064 ex
2130 1035 2210 1079 quo
2248 1023 2350 1066 inter
2376 1036 2463 1066 eun
2498 1026 2540 1064 ct
2566 1020 2745 1079 Ulyssem

299 1101 354 1144 ita
382 1101 563 1144 convenit
590 1098 691 1156 (618
718 1113 777 1156 sq.
805 1097 846 1142 cl*
867 1098 1119 1144 427—429.
1149 1099 1419 1157 434-446).
1457 1115 1586 1145 rerum
1616 1097 1784 1143 conditio
1812 1097 1914 1141 facta
1941 1105 2003 1144 est
2030 1097 2118 1142 alia.
2175 1099 2294 1150 Quod
2329 1102 2362 1144 si
2388 1106 2491 1145 reete
2516 1114 2580 1143 vv.
2608 1100 2741 1145 65⁰—

299 1180 382 1226 655
411 1180 597 1223 insiticios
627 1192 838 1229 censemus,
867 1179 1046 1235 sequitur
1074 1177 1267 1238 ἀγγελίην
1294 1195 1331 1223 v.
1361 1179 1445 1227 649
1468 1181 1550 1237 jam
1580 1178 1630 1222 ad
1657 1177 1783 1222 solum
1811 1179 1993 1236 superius
2019 1185 2253 1237 responsum
2274 1178 2534 1236 (308—429)
2558 1184 2743 1237 spectare,

297 1258 404 1316 quod
432 1257 604 1301 Achilles
633 1271 714 1300 uno
743 1256 864 1299 verbo
893 1256 1112 1314 significare
1142 1260 1237 1301 satis
1266 1258 1395 1309 habet,
1422 1258 1581 1318 perinde
1610 1272 1654 1302 ac
1681 1272 1717 1301 v,
1746 1256 1828 1302 617
1868 1254 1983 1299 οὗτοι
2019 1254 2056 1299 δ’
2087 1256 2346 1313 ἀγγελέουσι,
2370 1274 2411 1300 v.
2432 1257 2524 1303 422
2550 1255 2742 1316 ἀγγελίην

298 1335 529 1394 ἀπόφασθε
557 1336 723 1385 dixerat,
753 1349 904 1377 summa
933 1348 984 1377 ex
1014 1337 1074 1385 iis,
1102 1349 1202 1393 quae
1232 1336 1321 1395 plus
1350 1343 1502 1381 centum
1532 1336 1705 1380 versibus
1725 1334 1985 1391 (308-420)
2013 1333 2214 1387 effuderat,
2241 1340 2375 1380 coacta
2401 1334 2521 1379 nulla.
2571 1333 2654 1379 Nec
2678 1333 2742 1378 fu·

296 1419 355 1473 git
384 1430 443 1457 me
474 1414 629 1472 quidem
655 1415 737 1471 jam
766 1428 847 1456 uuo
878 1427 993 1456 versu
1021 1414 1113 1458 649·
1135 1414 1341 1471 abruptius
1371 1418 1584 1458 orationem
1613 1415 1715 1458 illius
1739 1414 1863 1465 finiri,
1899 1413 1968 1457 sed
1996 1414 2072 1456 boc
2098 1414 2384 1458 incommodum
2415 1428 2530 1472 quam
2558 1412 2654 1457 nibil
2680 1419 2742 1457 est

296 1495 346 1538 ad
374 1509 431 1546 ea,
459 1509 559 1551 quae
588 1494 765 1536 versibus
793 1493 1016 1538 650-655
1046 1493 1173 1535 afferri
1203 1494 1474 1537 ostendimus?
1528 1494 1609 1538 Nee
1635 1507 1727 1537 vero
1756 1498 1860 1537 caret
1887 1507 1950 1536 res
1979 1495 2241 1537 excusatione.
2298 1493 2397 1537 Nam
2426 1506 2546 1553 supra
2569 1492 2653 1551 jam
2679 1492 2736 1536 le-

296 1581 410 1633 gatos
441 1574 545 1616 abire
575 1580 613 1616 et
640 1588 873 1632 responsum
902 1587 1016 1615 suum
1045 1575 1273 1616 renunciare
1294 1573 1468 1617 Achilles
1492 1574 1623 1631 jussit,
1650 1575 1817 1633 primum
1840 1572 2076 1625 421-426,
2103 1572 2242 1616 deinde
2261 1574 2401 1616 iterum
2418 1573 2554 1616 tectius
2579 1570 2734 1630 quidem

292 1655 375 1699 617
390 1654 575 1710 (-619).
620 1653 724 1695 Idem
745 1667 861 1710 quam
883 1652 1076 1694 celerrime
1098 1666 1165 1694 eos
1187 1652 1292 1695 abire
1315 1655 1438 1711 eupit:
1464 1653 1700 1702 620-622,
1729 1666 1854 1709 neque
1882 1651 1922 1694 id
1943 1651 2106 1709 Ajacem
2129 1651 2282 1694 videtur
2304 1653 2533 1710 praeterire:
2561 1650 2643 1696 622
2671 1664 2730 1708 sq.

293 1732 518 1778 625—628
545 1731 592 1775 cl.
621 1731 856 1776 620-622.
914 1730 1075 1773 Poterat
1103 1732 1222 1788 igitur
1251 1731 1326 1774 hoc
1360 1732 1444 1775 loeo
1472 1733 1714 1789 paucissimis
1742 1730 1912 1788 defungi.
1970 1729 2059 1780 Quo
2088 1729 2252 1781 accedit,
2287 1729 2394 1787 quod
2428 1731 2513 1786 ipsa
2545 1728 2731 1772 brevioris

293 1810 487 1855 clausulae
517 1812 706 1868 asperitas
735 1808 919 1867 παρίσῳ,
948 1808 1053 1866 quod
1082 1810 1193 1859 inest,
1223 1807 1410 1868 ἔρχεσθε
1424 1834 1479 1842 -
1495 1808 1721 1867 ἀπόφασθε
1748 1811 1958 1867 mitigatur.
2014 1808 2191 1865 Denique
2220 1814 2265 1851 ut
2291 1810 2418 1851 omnis
2445 1806 2651 1865 scrupulus
2679 1822 2729 1851 cx

292 1890 421 1932 animo
448 1888 649 1941 evellatur,
679 1887 727 1931 ad
758 1889 943 1931 amussim
973 1886 1149 1930 versibus
1177 1887 1401 1933 644—649
1430 1887 1669 1945 respondent
1701 1887 1740 1940 T,
1767 1888 2003 1933 270—275.

1509 1966 1571 2022 ΙΤ,
1600 1966 1694 2013 268.
1724 1990 2198 2000 ——————
2227 1964 2362 2022 αὐτὰρ
2387 1962 2586 2023 Ἀχιλλεύς

291 2048 322 2097 Ι,
352 2047 445 2092 643.
479 2047 554 2089 Τὸν
583 2044 618 2088 δ’
648 2045 990 2103 ἀπαμειβόμενος
1012 2045 1206 2105 προσέφη
1228 2045 1362 2093 πόδας
1382 2046 1497 2093 ὠκὺς
1526 2047 1681 2094 ἀνστὰς
1705 2045 1911 2104 Ἀργείοισι
1940 2044 2270 2103 φιλοπτολέμοισι
2296 2042 2495 2102 μετηύδα·

1102 2122 1313 2183 Ἀχιλλεύς·
2059 2108 2069 2120 ⁸

461 2204 562 2247 Αἶαν
592 2203 780 2260 διογενὲς
811 2203 1055 2261 Τελαμώνιε,
1085 2204 1253 2262 κοίρανε
1280 2204 1407 2256 λαῶν,
1694 2203 1933 2263 Ζεῢπάτερ,
1949 2202 1976 2264 ἦ
1991 2203 2180 2261 μεγάλας
2194 2201 2298 2249 ἄτας
2309 2199 2507 2258 ἄνδρεσσι
2521 2197 2723 2243 δίδωσθα.

290 2286 421 2327 πάντα
450 2284 490 2327 τί
513 2300 587 2341 μοι
615 2284 720 2326 κατὰ
751 2283 888 2339 θυμὸν
918 2282 1059 2325 ἐείσαο
1086 2281 1375 2341 μυθήσασθαι·
1521 2282 1597 2325 οὐκ
1625 2283 1675 2326 ἂν
1703 2283 1754 2343 δή
1782 2298 1882 2326 ποτε
1910 2283 2049 2340 θυμὸν
2077 2282 2137 2325 ἑνὶ
2165 2281 2388 2338 στήθεσσιν
2416 2278 2574 2335 ἐμοῖσιν

285 2363 390 2405 ἀλλά
412 2378 486 2420 μοι
514 2362 723 2405 οἰδάνεται
751 2361 904 2420 κραδίη
928 2360 1063 2420 χόλῳ,
1093 2359 1232 2403 ὁππότ’
1265 2361 1433 2404 ἐκείνων
1515 2360 1721 2421 Ἀτρείδης
1746 2360 1873 2420 ὤρινε
1901 2360 2144 2420 διαμπερές,
2173 2358 2275 2402 οὐδέ
2302 2373 2352 2401 κε
2378 2355 2535 2415 κούρην

283 2442 507 2500 μνήσομαι,
538 2441 601 2488 ὥς
623 2438 664 2497 μ’
698 2440 915 2498 ἀσύφηλον
945 2439 991 2482 ἐν
1014 2438 1253 2495 Ἀργείοισιν
1282 2438 1427 2497 ἔρεξεν
1517 2438 1617 2498 ἦγεν
1644 2440 1746 2497 ἐμεῦ
1775 2440 1974 2487 ἀέκοντος
1995 2440 2224 2499 ἀμήχανος·
2253 2436 2357 2479 ἀλλά
2382 2432 2482 2478 ποθι
2510 2433 2623 2480 Ζεύς

277 2519 486 2578 Ἀτρεΐδης
512 2520 575 2567 ὡς
601 2518 645 2563 εἴ
667 2517 734 2562 τιν’
765 2518 963 2577 ἀτίμητον
988 2519 1262 2576 μετανάστην.
1516 2516 1628 2577 ἤθελ’
1656 2517 1868 2579 Ἀχαιοῖσιν
1896 2518 2081 2562 θάνατον
2108 2507 2299 2560 πολέεσσι
2326 2511 2536 2570 γενέσθω.

280 2597 360 2641 ἀλλ’
395 2598 515 2656 ὑμεῖς
543 2597 730 2658 ἔρχεσθε
758 2598 827 2640 καὶ
855 2597 1048 2656 ἀγγελίην
1078 2594 1318 2654 ἀπόφασθε.
1516 2599 1585 2640 νῦν
1614 2595 1650 2640 δ’
1681 2596 1849 2659 ἔρχεσθ’
1882 2597 1948 2641 ἐπὶ
1977 2597 2159 2668 ’δεῖπνονῖ
2188 2596 2254 2638 ἵνα
2282 2594 2524 2649 ξυνάγωμεν
2543 2586 2684 2649 Ἄρηα.

332 2678 428 2724 656.
459 2677 522 2725 ὧς
549 2676 682 2735 ἔφαθ,
712 2678 758 2720 οἵ
780 2677 830 2720 δὲ
861 2677 1039 2724 ἕκαστος
1064 2676 1146 2719 κτὲ.
1685 2677 1748 2726 ὤς
1773 2675 1840 2736 ἄρ’
1871 2676 2092 2736 ἐφώνησεν
2121 2674 2203 2718 κτὲ.

480 2757 601 2799 Juvat
624 2758 706 2813 jam
736 2758 870 2815 paucis
900 2755 1107 2813 explicare,
1137 2757 1170 2797 si
1199 2760 1302 2797 recte
1330 2770 1391 2797 vv.
1420 2754 1640 2800 650-655
1668 2758 1853 2800 insiticios
1884 2771 1970 2799 esse
1998 2761 2235 2804 statuamus,
2278 2758 2465 2809 quantum
2493 2771 2541 2799 eo
2566 2757 2721 2804 illorum

278 2837 419 2878 rationi
448 2835 638 2878 inseratur
665 2834 820 2884 vulnus,
850 2836 917 2891 qui
937 2833 1139 2877 Nitzschio
1168 2833 1265 2876 duee
1294 2837 1333 2875 et
1359 2840 1649 2891 propugnatore
1677 2833 1832 2878 Iliadem
1860 2835 2087 2893 epopoeiam
2112 2846 2196 2875 esse
2219 2830 2431 2874 defenduut
2448 2846 2600 2880 summa
2621 2852 2719 2894 quad

278 2914 367 2957 dam
397 2928 517 2971 eaque
546 2916 683 2971 tragici
712 2914 866 2971 generis
900 2914 1090 2955 sententia
1127 2911 1364 2955 adstrictam.
1421 2911 1519 2956 Nam
1555 2927 1675 2970 quum
1710 2926 1858 2971 poenas
1892 2913 2032 2955 nimiae
2068 2910 2300 2969 pertinaciae
2336 2909 2453 2967 pendi
2490 2911 2546 2955 ab·
2565 2913 2717 2958 Achille

277 2992 395 3035 velint
422 2992 657 3036 dilectissimi
688 2994 799 3035 amici
827 2997 963 3042 morte,
992 2993 1026 3034 is
1056 2996 1185 3034 autem
1214 2997 1366 3048 percat,
1399 2990 1506 3047 quod
1539 3006 1619 3034 non
1654 2993 1737 3049 ipse
1774 2990 1946 3034 Achilles
1976 2990 2134 3034 Graecis
2168 2987 2436 3032 laborantibus
2470 2995 2714 3045 succurrerit,

276 3071 343 3115 sed
372 3071 478 3114 illum
509 3073 656 3116 auxilio
687 3073 833 3115 miserit
860 3070 999 3114 solumz
1028 3070 1148 3127 hujus
1171 3068 1326 3126 quidem
1354 3071 1408 3112 rei
1437 3071 1475 3112 in
1504 3085 1549 3112 eo
1577 3071 1743 3127 positam
1763 3084 1848 3113 esse
1870 3068 1983 3111 docet
2003 3065 2225 3110 Nitzschius
2247 3081 2414 3119 causam,
2444 3070 2551 3126 quod
2578 3073 2618 3115 in
2639 3089 2714 3131 po-

276 3153 437 3194 steriore
452 3151 531 3194 -ino
561 3167 634 3194 suo
663 3166 853 3209 responso
882 3150 978 3206 (lx,
1007 3149 1273 3202 650-655)
1303 3148 1472 3191 Achilles
1509 3149 1565 3191 vel
1600 3151 1720 3192 invito
1761 3148 1835 3191 sibi
1862 3144 2116 3205 perstandum
2145 3160 2229 3187 csse
2256 3149 2461 3203 putaverit.
2493 3130 2584 3194 'Sic
2611 3154 2712 3196 enim

275 3231 549 3287 interpretatur
578 3231 693 3281 hunc,
724 3245 837 3288 quem
868 3244 937 3287 per
965 3244 1005 3272 se
1035 3228 1151 3285 longe
1181 3227 1292 3270 aliter
1319 3229 1486 3286 accipere
1514 3228 1672 3283 licct¹),
1701 3218 1846 3271 locum:
1881 3225 1982 3268 ἀλλὰ
2023 3224 2072 3266 τὰ
2105 3223 2184 3280 μὲν
2213 3224 2490 3285 προτετύχθαι
2518 3228 2711 3288 ἐάσομεν·

484 3402 515 3440 ¹)
539 3398 560 3443 ἦ
586 3411 641 3432 τοι
666 3397 760 3444 ἔφην
784 3409 828 3442 rt
848 3409 900 3435 est
922 3413 1112 3444 quamquem
1129 3404 1285 3443 putabam
1308 3402 1350 3434 cf.
1374 3404 1612 3443 Naegelsbach.
1637 3414 1723 3435 anm.
1748 3414 1778 3434 z.
1803 3403 1843 3433 ll.
1868 3402 1918 3432 od.
1943 3401 1969 3431 1.
1993 3410 2025 3440 p.
2054 3393 2127 3430 ¹86.
2153 3400 2203 3430 ed.
2227 3399 2270 3438 11,
2293 3410 2325 3440 p.
2341 3397 2411 3434 245
2427 3413 2476 3443 aq.
