<?xml version="1.0" encoding="UTF-8"?>
<!DOCTYPE html PUBLIC "-//W3C//DTD XHTML 1.0 Transitional//EN"
    "http://www.w3.org/TR/xhtml1/DTD/xhtml1-transitional.dtd">
<html xmlns="http://www.w3.org/1999/xhtml" xml:lang="en" lang="en">
 <head>
  <title>
</title>
<meta http-equiv="Content-Type" content="text/html;charset=utf-8" />
  <meta name='ocr-system' content='tesseract 3.04.00' />
  <meta name='ocr-capabilities' content='ocr_page ocr_carea ocr_par ocr_line ocrx_word'/>
</head>
<body>
  <div class='ocr_page' id='page_1' title='image "4766191_0038.png"; bbox 0 0 2950 3889; ppageno 0'>
   <div class='ocr_carea' id='block_1_1' title="bbox 1463 320 1525 371">
    <p class='ocr_par' dir='ltr' id='par_1_1' title="bbox 1463 320 1525 371">
     <span class='ocr_line' id='line_1_1' title="bbox 1463 320 1525 371; baseline 0.032 -2"><span class='ocrx_word' id='word_1_1' title='bbox 1463 320 1525 371; x_wconf 77' lang='lat'>28</span> 
     </span>
    </p>
   </div>
   <div class='ocr_carea' id='block_1_2' title="bbox 270 459 2717 3286">
    <p class='ocr_par' dir='ltr' id='par_1_2' title="bbox 270 459 2717 2096">
     <span class='ocr_line' id='line_1_2' title="bbox 276 459 2714 521; baseline -0.001 -13"><span class='ocrx_word' id='word_1_2' title='bbox 276 467 427 520; x_wconf 81' lang='lat' dir='ltr'>putare,</span> <span class='ocrx_word' id='word_1_3' title='bbox 454 477 552 519; x_wconf 81' lang='lat' dir='ltr'>quae</span> <span class='ocrx_word' id='word_1_4' title='bbox 582 463 655 518; x_wconf 84' lang='lat' dir='ltr'>ipsi</span> <span class='ocrx_word' id='word_1_5' title='bbox 684 459 858 504; x_wconf 80' lang='lat' dir='ltr'>Achilles</span> <span class='ocrx_word' id='word_1_6' title='bbox 886 461 1132 519; x_wconf 84' lang='lat' dir='ltr'>responderit</span> <span class='ocrx_word' id='word_1_7' title='bbox 1161 464 1439 520; x_wconf 71' lang='lat'>(308-429),</span> <span class='ocrx_word' id='word_1_8' title='bbox 1474 464 1588 521; x_wconf 76' lang='lat' dir='ltr'>Ajaci</span> <span class='ocrx_word' id='word_1_9' title='bbox 1615 461 1909 521; x_wconf 81' lang='lat' dir='ltr'>permittendam</span> <span class='ocrx_word' id='word_1_10' title='bbox 1936 462 2162 507; x_wconf 77' lang='lat' dir='ltr'>rehtienem</span> <span class='ocrx_word' id='word_1_11' title='bbox 2191 473 2345 514; x_wconf 60' lang='grc' dir='ltr'>θοι-ιη,</span> <span class='ocrx_word' id='word_1_12' title='bbox 2384 478 2487 520; x_wconf 76' lang='lat' dir='ltr'>quae</span> <span class='ocrx_word' id='word_1_13' title='bbox 2524 463 2616 507; x_wconf 81' lang='lat' dir='ltr'>hnic</span> <span class='ocrx_word' id='word_1_14' title='bbox 2652 477 2714 506; x_wconf 79' lang='lat' dir='ltr'>re-</span> 
     </span>
     <span class='ocr_line' id='line_1_3' title="bbox 276 537 2716 600; baseline 0 -14"><span class='ocrx_word' id='word_1_15' title='bbox 276 557 423 600; x_wconf 81' lang='lat' dir='ltr'>sponsa</span> <span class='ocrx_word' id='word_1_16' title='bbox 447 543 523 584; x_wconf 87' lang='lat' dir='ltr'>sint</span> <span class='ocrx_word' id='word_1_17' title='bbox 550 537 854 593; x_wconf 67' lang='lat' dir='ltr'>(eoo-605);</span> <span class='ocrx_word' id='word_1_18' title='bbox 894 539 1036 585; x_wconf 81' lang='lat' dir='ltr'>referre</span> <span class='ocrx_word' id='word_1_19' title='bbox 1076 542 1198 598; x_wconf 86' lang='lat' dir='ltr'>igitur</span> <span class='ocrx_word' id='word_1_20' title='bbox 1233 550 1334 588; x_wconf 86' lang='lat' dir='ltr'>recte</span> <span class='ocrx_word' id='word_1_21' title='bbox 1363 544 1411 587; x_wconf 89' lang='lat' dir='ltr'>de</span> <span class='ocrx_word' id='word_1_22' title='bbox 1438 542 1531 588; x_wconf 82' lang='lat' dir='ltr'>solis</span> <span class='ocrx_word' id='word_1_23' title='bbox 1559 557 1620 585; x_wconf 78' lang='lat' dir='ltr'>vv.</span> <span class='ocrx_word' id='word_1_24' title='bbox 1649 540 1906 590; x_wconf 42' lang='lat' dir='ltr'>msam,</span> <span class='ocrx_word' id='word_1_25' title='bbox 1944 555 2080 598; x_wconf 80' lang='lat' dir='ltr'>neque</span> <span class='ocrx_word' id='word_1_26' title='bbox 2115 543 2218 586; x_wconf 73' lang='lat' dir='ltr'>enim</span> <span class='ocrx_word' id='word_1_27' title='bbox 2254 543 2465 600; x_wconf 68' lang='lat' dir='ltr'>posteriue</span> <span class='ocrx_word' id='word_1_28' title='bbox 2484 555 2716 599; x_wconf 66' lang='lat' dir='ltr'>responsum</span> 
     </span>
     <span class='ocr_line' id='line_1_4' title="bbox 277 616 2717 681; baseline 0.003 -22"><span class='ocrx_word' id='word_1_29' title='bbox 277 618 561 676; x_wconf 76' lang='grc'>(650-655)</span> <span class='ocrx_word' id='word_1_30' title='bbox 599 617 653 660; x_wconf 88' lang='lat' dir='ltr'>illi</span> <span class='ocrx_word' id='word_1_31' title='bbox 697 616 831 661; x_wconf 84' lang='lat' dir='ltr'>datum</span> <span class='ocrx_word' id='word_1_32' title='bbox 870 630 972 668; x_wconf 87' lang='lat' dir='ltr'>esse,</span> <span class='ocrx_word' id='word_1_33' title='bbox 1017 616 1088 662; x_wconf 87' lang='lat' dir='ltr'>scd</span> <span class='ocrx_word' id='word_1_34' title='bbox 1123 619 1238 676; x_wconf 79' lang='lat' dir='ltr'>Ajaci</span> <span class='ocrx_word' id='word_1_35' title='bbox 1276 621 1384 678; x_wconf 68' lang='grc'>(644</span> <span class='ocrx_word' id='word_1_36' title='bbox 1414 623 1520 681; x_wconf 82' lang='lat' dir='ltr'>sq.)=</span> <span class='ocrx_word' id='word_1_37' title='bbox 1561 619 1694 666; x_wconf 81' lang='lat' dir='ltr'>scholi.</span> <span class='ocrx_word' id='word_1_38' title='bbox 1724 618 1755 663; x_wconf 86' lang='lat' dir='ltr'>L</span> <span class='ocrx_word' id='word_1_39' title='bbox 1785 618 1835 663; x_wconf 80' lang='lat' dir='ltr'>ad</span> <span class='ocrx_word' id='word_1_40' title='bbox 1863 617 1939 666; x_wconf 78' lang='grc'>681</span> <span class='ocrx_word' id='word_1_41' title='bbox 1968 616 2341 675; x_wconf 69' lang='grc' dir='ltr'>’ἀλλ’-ἀγγέλλει.</span> <span class='ocrx_word' id='word_1_42' title='bbox 2366 618 2510 664; x_wconf 71' lang='grc' dir='ltr'>,ΔΙΝ</span> <span class='ocrx_word' id='word_1_43' title='bbox 2547 617 2597 663; x_wconf 75' lang='lat' dir='ltr'>ed</span> <span class='ocrx_word' id='word_1_44' title='bbox 2630 617 2717 667; x_wconf 49' lang='grc' dir='ltr'>ΒΕ</span> 
     </span>
     <span class='ocr_line' id='line_1_5' title="bbox 275 695 2715 759; baseline 0.001 -20"><span class='ocrx_word' id='word_1_45' title='bbox 275 697 410 744; x_wconf 77' lang='grc' dir='ltr'><em>ἄλλως</em></span> <span class='ocrx_word' id='word_1_46' title='bbox 436 696 734 743; x_wconf 66' lang='grc' dir='ltr'><strong><em>τε-υ-λοιπούς.</em></strong></span> <span class='ocrx_word' id='word_1_47' title='bbox 773 695 894 741; x_wconf 87' lang='lat' dir='ltr'>schol.</span> <span class='ocrx_word' id='word_1_48' title='bbox 919 695 1143 754; x_wconf 84' lang='lat' dir='ltr'>Porphyrii,</span> <span class='ocrx_word' id='word_1_49' title='bbox 1173 702 1247 756; x_wconf 80' lang='lat' dir='ltr'>qui&#39;</span> <span class='ocrx_word' id='word_1_50' title='bbox 1268 700 1369 744; x_wconf 90' lang='lat' dir='ltr'>idem</span> <span class='ocrx_word' id='word_1_51' title='bbox 1398 703 1439 744; x_wconf 91' lang='lat' dir='ltr'>in</span> <span class='ocrx_word' id='word_1_52' title='bbox 1468 702 1553 744; x_wconf 85' lang='lat' dir='ltr'>aliis</span> <span class='ocrx_word' id='word_1_53' title='bbox 1582 698 1811 759; x_wconf 81' lang='lat' dir='ltr'>quibusdam</span> <span class='ocrx_word' id='word_1_54' title='bbox 1843 698 1904 752; x_wconf 77' lang='grc' dir='ltr'>(τί</span> <span class='ocrx_word' id='word_1_55' title='bbox 1927 696 2003 741; x_wconf 71' lang='grc' dir='ltr'>οὖν</span> <span class='ocrx_word' id='word_1_56' title='bbox 2029 695 2293 754; x_wconf 58' lang='lat' dir='ltr'>‘dcc—pcc&amp;</span> <span class='ocrx_word' id='word_1_57' title='bbox 2321 700 2449 742; x_wconf 65' lang='grc' dir='ltr'><strong><em>ταῦτα</em></strong></span> <span class='ocrx_word' id='word_1_58' title='bbox 2477 696 2563 758; x_wconf 75' lang='grc' dir='ltr'>ἔφη</span> <span class='ocrx_word' id='word_1_59' title='bbox 2589 704 2629 741; x_wconf 91' lang='lat' dir='ltr'>et</span> <span class='ocrx_word' id='word_1_60' title='bbox 2649 697 2715 741; x_wconf 68' lang='grc' dir='ltr'>διὸ</span> 
     </span>
     <span class='ocr_line' id='line_1_6' title="bbox 276 773 2714 836; baseline -0.001 -17"><span class='ocrx_word' id='word_1_61' title='bbox 276 777 480 836; x_wconf 77' lang='grc' dir='ltr'><em>ἐπήγαγεν</em></span> <span class='ocrx_word' id='word_1_62' title='bbox 497 799 547 808; x_wconf 92' lang='grc'>-</span> <span class='ocrx_word' id='word_1_63' title='bbox 565 777 675 834; x_wconf 77' lang='grc' dir='ltr'><em>πρὸς·</em></span> <span class='ocrx_word' id='word_1_64' title='bbox 702 774 870 830; x_wconf 79' lang='grc' dir='ltr'>αὐτούς)</span> <span class='ocrx_word' id='word_1_65' title='bbox 898 778 1052 833; x_wconf 88' lang='lat' dir='ltr'>egregie</span> <span class='ocrx_word' id='word_1_66' title='bbox 1082 776 1310 829; x_wconf 87' lang='lat' dir='ltr'>hariolatur,</span> <span class='ocrx_word' id='word_1_67' title='bbox 1341 779 1410 833; x_wconf 87' lang='grc' dir='ltr'>(Β)</span> <span class='ocrx_word' id='word_1_68' title='bbox 1440 780 1490 823; x_wconf 88' lang='lat' dir='ltr'>ad</span> <span class='ocrx_word' id='word_1_69' title='bbox 1518 780 1612 826; x_wconf 88' lang='grc'>688.</span> <span class='ocrx_word' id='word_1_70' title='bbox 1666 778 1844 824; x_wconf 83' lang='lat' dir='ltr'>Eustath.</span> <span class='ocrx_word' id='word_1_71' title='bbox 1869 792 1907 836; x_wconf 89' lang='lat' dir='ltr'>p.</span> <span class='ocrx_word' id='word_1_72' title='bbox 1935 776 2031 828; x_wconf 89' lang='lat'>783,</span> <span class='ocrx_word' id='word_1_73' title='bbox 2063 776 2237 822; x_wconf 76' lang='lat'><strong>¹3-15.</strong></span> <span class='ocrx_word' id='word_1_74' title='bbox 2290 773 2504 819; x_wconf 78' lang='grc' dir='ltr'><em>Ἰστέον-</em></span> <span class='ocrx_word' id='word_1_75' title='bbox 2522 775 2714 835; x_wconf 72' lang='grc' dir='ltr'>ἤκουσεν.</span> 
     </span>
     <span class='ocr_line' id='line_1_7' title="bbox 275 852 2713 915; baseline 0.003 -17"><span class='ocrx_word' id='word_1_76' title='bbox 275 855 395 904; x_wconf 85' lang='lat' dir='ltr'>Quasi</span> <span class='ocrx_word' id='word_1_77' title='bbox 425 869 530 915; x_wconf 76' lang='lat' dir='ltr'>vero,</span> <span class='ocrx_word' id='word_1_78' title='bbox 559 869 658 911; x_wconf 84' lang='lat' dir='ltr'>quae</span> <span class='ocrx_word' id='word_1_79' title='bbox 688 860 756 897; x_wconf 85' lang='lat' dir='ltr'>aut</span> <span class='ocrx_word' id='word_1_80' title='bbox 783 853 833 896; x_wconf 87' lang='lat' dir='ltr'>ad</span> <span class='ocrx_word' id='word_1_81' title='bbox 855 852 1006 910; x_wconf 85' lang='lat' dir='ltr'>Ulyssis</span> <span class='ocrx_word' id='word_1_82' title='bbox 1036 863 1105 897; x_wconf 91' lang='lat' dir='ltr'>aut</span> <span class='ocrx_word' id='word_1_83' title='bbox 1133 855 1183 897; x_wconf 88' lang='lat' dir='ltr'>ad</span> <span class='ocrx_word' id='word_1_84' title='bbox 1206 858 1342 913; x_wconf 75' lang='lat' dir='ltr'>Ajacis</span> <span class='ocrx_word' id='word_1_85' title='bbox 1366 859 1766 904; x_wconf 72' lang='lat' dir='ltr'>orationem‘Aehilles</span> <span class='ocrx_word' id='word_1_86' title='bbox 1794 856 2058 915; x_wconf 60' lang='lat' dir='ltr'>respondent·</span> <span class='ocrx_word' id='word_1_87' title='bbox 2085 855 2160 898; x_wconf 77' lang='grc' dir='ltr'>80Ιί</span> <span class='ocrx_word' id='word_1_88' title='bbox 2186 862 2257 898; x_wconf 71' lang='grc' dir='ltr'>ωῐ</span> <span class='ocrx_word' id='word_1_89' title='bbox 2283 853 2503 912; x_wconf 62' lang='grc' dir='ltr'>ἱΙΙδῙῙΙΙΒῙ</span> <span class='ocrx_word' id='word_1_90' title='bbox 2532 859 2602 898; x_wconf 64' lang='grc' dir='ltr'>ἃῦῑ</span> <span class='ocrx_word' id='word_1_91' title='bbox 2618 854 2713 898; x_wconf 65' lang='grc' dir='ltr'>δὸθῦ</span> 
     </span>
     <span class='ocr_line' id='line_1_8' title="bbox 273 932 2712 996; baseline -0 -18"><span class='ocrx_word' id='word_1_92' title='bbox 273 935 387 991; x_wconf 66' lang='lat' dir='ltr'>Aiaci</span> <span class='ocrx_word' id='word_1_93' title='bbox 414 933 516 977; x_wconf 83' lang='lat' dir='ltr'>dicta</span> <span class='ocrx_word' id='word_1_94' title='bbox 543 935 633 983; x_wconf 88' lang='lat' dir='ltr'>sint,</span> <span class='ocrx_word' id='word_1_95' title='bbox 661 948 740 978; x_wconf 92' lang='lat' dir='ltr'>non</span> <span class='ocrx_word' id='word_1_96' title='bbox 758 934 960 981; x_wconf 87' lang='lat' dir='ltr'>universis,</span> <span class='ocrx_word' id='word_1_97' title='bbox 990 948 1157 990; x_wconf 89' lang='lat' dir='ltr'>quorum</span> <span class='ocrx_word' id='word_1_98' title='bbox 1186 938 1342 980; x_wconf 87' lang='lat' dir='ltr'>nomine</span> <span class='ocrx_word' id='word_1_99' title='bbox 1367 943 1530 996; x_wconf 83' lang='lat' dir='ltr'>uterque</span> <span class='ocrx_word' id='word_1_100' title='bbox 1558 938 1677 982; x_wconf 80' lang='lat' dir='ltr'>verba</span> <span class='ocrx_word' id='word_1_101' title='bbox 1701 937 1854 986; x_wconf 70' lang='lat' dir='ltr'>ibccrat,</span> <span class='ocrx_word' id='word_1_102' title='bbox 1878 936 2034 995; x_wconf 79' lang='lat' dir='ltr'>legatis3</span> <span class='ocrx_word' id='word_1_103' title='bbox 2060 949 2132 989; x_wconf 76' lang='lat' dir='ltr'>nec</span> <span class='ocrx_word' id='word_1_104' title='bbox 2153 933 2202 978; x_wconf 81' lang='lat' dir='ltr'>ab</span> <span class='ocrx_word' id='word_1_105' title='bbox 2231 934 2525 991; x_wconf 72' lang='lat' dir='ltr'>Agamemnone</span> <span class='ocrx_word' id='word_1_106' title='bbox 2551 932 2712 992; x_wconf 80' lang='lat' dir='ltr'>Ulysses</span> 
     </span>
     <span class='ocr_line' id='line_1_9' title="bbox 274 999 2712 1076; baseline 0 -22"><span class='ocrx_word' id='word_1_107' title='bbox 274 1029 332 1055; x_wconf 86' lang='lat' dir='ltr'>vv.</span> <span class='ocrx_word' id='word_1_108' title='bbox 361 1013 556 1060; x_wconf 81' lang='grc'>673-75</span> <span class='ocrx_word' id='word_1_109' title='bbox 580 1013 766 1070; x_wconf 86' lang='lat' dir='ltr'>jubeatur</span> <span class='ocrx_word' id='word_1_110' title='bbox 792 1025 866 1070; x_wconf 88' lang='lat' dir='ltr'>pro</span> <span class='ocrx_word' id='word_1_111' title='bbox 894 1012 1093 1063; x_wconf 87' lang='lat' dir='ltr'>omnibus,</span> <span class='ocrx_word' id='word_1_112' title='bbox 1131 1017 1197 1070; x_wconf 89' lang='lat' dir='ltr'>qui</span> <span class='ocrx_word' id='word_1_113' title='bbox 1228 1016 1335 1058; x_wconf 84' lang='lat' dir='ltr'>missi</span> <span class='ocrx_word' id='word_1_114' title='bbox 1363 1021 1488 1067; x_wconf 80' lang='lat' dir='ltr'>erant,</span> <span class='ocrx_word' id='word_1_115' title='bbox 1514 1016 1745 1076; x_wconf 83' lang='lat' dir='ltr'>legationem</span> <span class='ocrx_word' id='word_1_116' title='bbox 1772 999 2001 1060; x_wconf 84' lang='lat' dir='ltr'>renuntiare.</span> <span class='ocrx_word' id='word_1_117' title='bbox 2058 1013 2225 1064; x_wconf 79' lang='lat' dir='ltr'><strong>Deinde,</strong></span> <span class='ocrx_word' id='word_1_118' title='bbox 2244 1014 2296 1056; x_wconf 86' lang='lat' dir='ltr'>-si</span> <span class='ocrx_word' id='word_1_119' title='bbox 2335 1025 2468 1056; x_wconf 77' lang='lat' dir='ltr'>verum</span> <span class='ocrx_word' id='word_1_120' title='bbox 2501 1012 2573 1062; x_wconf 86' lang='lat' dir='ltr'>sit,</span> <span class='ocrx_word' id='word_1_121' title='bbox 2606 1010 2712 1068; x_wconf 84' lang='lat' dir='ltr'>quod</span> 
     </span>
     <span class='ocr_line' id='line_1_10' title="bbox 272 1090 2712 1152; baseline -0 -19"><span class='ocrx_word' id='word_1_122' title='bbox 272 1092 482 1140; x_wconf 78' lang='lat' dir='ltr'>venditant,</span> <span class='ocrx_word' id='word_1_123' title='bbox 525 1105 759 1148; x_wconf 81' lang='lat' dir='ltr'>quamquam</span> <span class='ocrx_word' id='word_1_124' title='bbox 794 1093 921 1148; x_wconf 83' lang='lat' dir='ltr'>inepte</span> <span class='ocrx_word' id='word_1_125' title='bbox 956 1095 1222 1149; x_wconf 81' lang='lat' dir='ltr'>excogitatum</span> <span class='ocrx_word' id='word_1_126' title='bbox 1250 1100 1321 1143; x_wconf 88' lang='lat' dir='ltr'>est,</span> <span class='ocrx_word' id='word_1_127' title='bbox 1358 1097 1471 1151; x_wconf 85' lang='lat' dir='ltr'>quasi</span> <span class='ocrx_word' id='word_1_128' title='bbox 1498 1110 1578 1138; x_wconf 92' lang='lat' dir='ltr'>non</span> <span class='ocrx_word' id='word_1_129' title='bbox 1606 1111 1709 1138; x_wconf 77' lang='lat' dir='ltr'>nova</span> <span class='ocrx_word' id='word_1_130' title='bbox 1733 1097 1864 1138; x_wconf 75' lang='lat' dir='ltr'>statim</span> <span class='ocrx_word' id='word_1_131' title='bbox 1893 1095 2066 1152; x_wconf 73' lang='lat' dir='ltr'>quaestio</span> <span class='ocrx_word' id='word_1_132' title='bbox 2094 1095 2278 1141; x_wconf 82' lang='lat' dir='ltr'>exsistat,</span> <span class='ocrx_word' id='word_1_133' title='bbox 2313 1105 2382 1135; x_wconf 88' lang='lat' dir='ltr'>cur</span> <span class='ocrx_word' id='word_1_134' title='bbox 2414 1091 2496 1147; x_wconf 73' lang='lat' dir='ltr'>jem</span> <span class='ocrx_word' id='word_1_135' title='bbox 2524 1103 2574 1134; x_wconf 78' lang='lat' dir='ltr'>ne</span> <span class='ocrx_word' id='word_1_136' title='bbox 2602 1090 2712 1144; x_wconf 80' lang='lat' dir='ltr'>Ajax</span> 
     </span>
     <span class='ocr_line' id='line_1_11' title="bbox 273 1167 2711 1232; baseline -0.002 -15"><span class='ocrx_word' id='word_1_137' title='bbox 273 1172 426 1229; x_wconf 86' lang='lat' dir='ltr'>quidem</span> <span class='ocrx_word' id='word_1_138' title='bbox 441 1185 687 1228; x_wconf 83' lang='lat' dir='ltr'>responsum</span> <span class='ocrx_word' id='word_1_139' title='bbox 714 1169 789 1213; x_wconf 84' lang='lat' dir='ltr'>sibi</span> <span class='ocrx_word' id='word_1_140' title='bbox 816 1169 951 1214; x_wconf 84' lang='lat' dir='ltr'>datum</span> <span class='ocrx_word' id='word_1_141' title='bbox 979 1170 1132 1214; x_wconf 85' lang='lat' dir='ltr'>referat.</span> <span class='ocrx_word' id='word_1_142' title='bbox 1188 1172 1383 1216; x_wconf 79' lang='lat' dir='ltr'>Viderunt</span> <span class='ocrx_word' id='word_1_143' title='bbox 1410 1173 1450 1218; x_wconf 87' lang='lat' dir='ltr'>id</span> <span class='ocrx_word' id='word_1_144' title='bbox 1480 1175 1634 1231; x_wconf 89' lang='lat' dir='ltr'>quidem</span> <span class='ocrx_word' id='word_1_145' title='bbox 1663 1175 1840 1218; x_wconf 83' lang='lat' dir='ltr'>homines</span> <span class='ocrx_word' id='word_1_146' title='bbox 1864 1175 1949 1232; x_wconf 88' lang='lat' dir='ltr'>ipsi,</span> <span class='ocrx_word' id='word_1_147' title='bbox 1976 1172 2168 1230; x_wconf 83' lang='lat' dir='ltr'>iidemque</span> <span class='ocrx_word' id='word_1_148' title='bbox 2194 1170 2293 1215; x_wconf 69' lang='lat' dir='ltr'>adeo</span> <span class='ocrx_word' id='word_1_149' title='bbox 2320 1169 2521 1215; x_wconf 84' lang='lat' dir='ltr'>solverunt</span> <span class='ocrx_word' id='word_1_150' title='bbox 2546 1167 2711 1213; x_wconf 72' lang='lat' dir='ltr'>difficul-</span> 
     </span>
     <span class='ocr_line' id='line_1_12' title="bbox 272 1248 2711 1310; baseline -0.001 -16"><span class='ocrx_word' id='word_1_151' title='bbox 272 1257 400 1294; x_wconf 85' lang='lat' dir='ltr'>tatem.</span> <span class='ocrx_word' id='word_1_152' title='bbox 445 1250 502 1292; x_wconf 89' lang='lat' dir='ltr'>At</span> <span class='ocrx_word' id='word_1_153' title='bbox 530 1248 729 1306; x_wconf 88' lang='lat' dir='ltr'>quomodo</span> <span class='ocrx_word' id='word_1_154' title='bbox 758 1248 935 1292; x_wconf 81' lang='lat' dir='ltr'>solvunt!</span> <span class='ocrx_word' id='word_1_155' title='bbox 980 1249 1128 1293; x_wconf 84' lang='lat' dir='ltr'>Tacere</span> <span class='ocrx_word' id='word_1_156' title='bbox 1150 1251 1312 1307; x_wconf 83' lang='lat' dir='ltr'>Ajacem</span> <span class='ocrx_word' id='word_1_157' title='bbox 1332 1253 1380 1306; x_wconf 89' lang='lat'>¹),</span> <span class='ocrx_word' id='word_1_158' title='bbox 1410 1252 1517 1308; x_wconf 89' lang='lat' dir='ltr'>quod</span> <span class='ocrx_word' id='word_1_159' title='bbox 1545 1259 1709 1310; x_wconf 81' lang='lat' dir='ltr'>propter</span> <span class='ocrx_word' id='word_1_160' title='bbox 1736 1254 2030 1296; x_wconf 69' lang='lat' dir='ltr'>inconstantiam</span> <span class='ocrx_word' id='word_1_161' title='bbox 2059 1250 2221 1294; x_wconf 83' lang='lat' dir='ltr'>Achillis</span> <span class='ocrx_word' id='word_1_162' title='bbox 2250 1252 2335 1292; x_wconf 85' lang='lat' dir='ltr'>voci</span> <span class='ocrx_word' id='word_1_163' title='bbox 2361 1249 2449 1305; x_wconf 81' lang='lat' dir='ltr'>ejus</span> <span class='ocrx_word' id='word_1_164' title='bbox 2478 1248 2711 1300; x_wconf 71' lang='lat' dir='ltr'>(eoo-55)</span> 
     </span>
     <span class='ocr_line' id='line_1_13' title="bbox 271 1326 2710 1389; baseline 0 -17"><span class='ocrx_word' id='word_1_165' title='bbox 271 1328 366 1372; x_wconf 86' lang='lat' dir='ltr'>nihil</span> <span class='ocrx_word' id='word_1_166' title='bbox 394 1328 540 1373; x_wconf 86' lang='lat' dir='ltr'>tribuat</span> <span class='ocrx_word' id='word_1_167' title='bbox 569 1327 696 1383; x_wconf 76' lang='lat' dir='ltr'>(Eust,</span> <span class='ocrx_word' id='word_1_168' title='bbox 726 1326 822 1378; x_wconf 84' lang='lat'>783,</span> <span class='ocrx_word' id='word_1_169' title='bbox 850 1326 1025 1372; x_wconf 80' lang='lat'>18-20.</span> <span class='ocrx_word' id='word_1_170' title='bbox 1057 1328 1180 1387; x_wconf 79' lang='grc' dir='ltr'><em>τυχὸν</em></span> <span class='ocrx_word' id='word_1_171' title='bbox 1210 1329 1258 1371; x_wconf 81' lang='grc' dir='ltr'>δὲ</span> <span class='ocrx_word' id='word_1_172' title='bbox 1297 1357 1336 1364; x_wconf 86' lang='lat'>-</span> <span class='ocrx_word' id='word_1_173' title='bbox 1372 1331 1690 1386; x_wconf 69' lang='grc' dir='ltr'><em>καταγινώσκων</em></span> <span class='ocrx_word' id='word_1_174' title='bbox 1719 1332 1881 1386; x_wconf 79' lang='grc' dir='ltr'>αὐτοῦ),</span> <span class='ocrx_word' id='word_1_175' title='bbox 1909 1331 1968 1374; x_wconf 81' lang='lat' dir='ltr'>vel</span> <span class='ocrx_word' id='word_1_176' title='bbox 1995 1345 2109 1389; x_wconf 81' lang='lat' dir='ltr'>aegre</span> <span class='ocrx_word' id='word_1_177' title='bbox 2132 1329 2231 1373; x_wconf 79' lang='lat' dir='ltr'>serat</span> <span class='ocrx_word' id='word_1_178' title='bbox 2257 1328 2430 1385; x_wconf 85' lang='lat' dir='ltr'>ejusdem</span> <span class='ocrx_word' id='word_1_179' title='bbox 2458 1328 2710 1386; x_wconf 64' lang='lat' dir='ltr'>pervicaciam</span> 
     </span>
     <span class='ocr_line' id='line_1_14' title="bbox 271 1394 2712 1477; baseline -0.002 -24"><span class='ocrx_word' id='word_1_180' title='bbox 271 1408 379 1465; x_wconf 82' lang='lat' dir='ltr'>(ibid.</span> <span class='ocrx_word' id='word_1_181' title='bbox 407 1407 431 1452; x_wconf 86' lang='lat'>1.</span> <span class='ocrx_word' id='word_1_182' title='bbox 458 1406 656 1454; x_wconf 86' lang='lat'>21—22.</span> <span class='ocrx_word' id='word_1_183' title='bbox 685 1406 753 1477; x_wconf 64' lang='lat' dir='ltr'>ufai</span> <span class='ocrx_word' id='word_1_184' title='bbox 774 1403 911 1456; x_wconf 78' lang='grc' dir='ltr'><strong><em>ἄλλως·</em></strong></span> <span class='ocrx_word' id='word_1_185' title='bbox 938 1407 986 1451; x_wconf 81' lang='grc' dir='ltr'>δὲ</span> <span class='ocrx_word' id='word_1_186' title='bbox 1015 1409 1111 1467; x_wconf 77' lang='grc' dir='ltr'><em>σιγᾷ</em></span> <span class='ocrx_word' id='word_1_187' title='bbox 1141 1409 1164 1451; x_wconf 85' lang='grc' dir='ltr'><em>ὁ</em></span> <span class='ocrx_word' id='word_1_188' title='bbox 1195 1407 1308 1462; x_wconf 77' lang='grc' dir='ltr'>Αἴας,</span> <span class='ocrx_word' id='word_1_189' title='bbox 1337 1409 1407 1454; x_wconf 88' lang='grc' dir='ltr'>οἷα</span> <span class='ocrx_word' id='word_1_190' title='bbox 1435 1408 1674 1468; x_wconf 69' lang='grc' dir='ltr'><em>βαρυνθεὶς</em></span> <span class='ocrx_word' id='word_1_191' title='bbox 1699 1410 1765 1455; x_wconf 78' lang='grc' dir='ltr'>ἐπὶ</span> <span class='ocrx_word' id='word_1_192' title='bbox 1792 1411 1856 1469; x_wconf 80' lang='grc' dir='ltr'>τῷ</span> <span class='ocrx_word' id='word_1_193' title='bbox 1877 1409 2054 1471; x_wconf 76' lang='grc' dir='ltr'>Ἀχιλλεῖ,</span> <span class='ocrx_word' id='word_1_194' title='bbox 2082 1408 2147 1453; x_wconf 80' lang='grc' dir='ltr'>διὸ</span> <span class='ocrx_word' id='word_1_195' title='bbox 2176 1408 2243 1453; x_wconf 72' lang='grc' dir='ltr'>καὶ</span> <span class='ocrx_word' id='word_1_196' title='bbox 2271 1406 2317 1452; x_wconf 78' lang='grc' dir='ltr'>ἐν</span> <span class='ocrx_word' id='word_1_197' title='bbox 2345 1408 2394 1466; x_wconf 78' lang='grc' dir='ltr'>τῇ</span> <span class='ocrx_word' id='word_1_198' title='bbox 2421 1404 2632 1464; x_wconf 75' lang='grc' dir='ltr'><strong><em>πρεσβείᾳ</em></strong></span> <span class='ocrx_word' id='word_1_199' title='bbox 2655 1394 2712 1449; x_wconf 72' lang='grc' dir='ltr'>οὗ</span> 
     </span>
     <span class='ocr_line' id='line_1_15' title="bbox 272 1469 2711 1549; baseline -0.001 -18"><span class='ocrx_word' id='word_1_200' title='bbox 272 1469 399 1531; x_wconf 60' lang='lat' dir='ltr'>frou&amp;</span> <span class='ocrx_word' id='word_1_201' title='bbox 427 1486 661 1546; x_wconf 79' lang='grc' dir='ltr'>ἐλάλησεν),</span> <span class='ocrx_word' id='word_1_202' title='bbox 697 1486 758 1530; x_wconf 81' lang='lat' dir='ltr'>vel</span> <span class='ocrx_word' id='word_1_203' title='bbox 798 1485 1080 1544; x_wconf 79' lang='lat' dir='ltr'>stomachetur,</span> <span class='ocrx_word' id='word_1_204' title='bbox 1115 1488 1222 1544; x_wconf 91' lang='lat' dir='ltr'>quod</span> <span class='ocrx_word' id='word_1_205' title='bbox 1259 1491 1346 1546; x_wconf 89' lang='lat' dir='ltr'>quis</span> <span class='ocrx_word' id='word_1_206' title='bbox 1375 1495 1535 1533; x_wconf 83' lang='lat' dir='ltr'>eventus</span> <span class='ocrx_word' id='word_1_207' title='bbox 1563 1496 1665 1534; x_wconf 84' lang='lat' dir='ltr'>essct</span> <span class='ocrx_word' id='word_1_208' title='bbox 1693 1490 1898 1549; x_wconf 74' lang='lat' dir='ltr'>legationis</span> <span class='ocrx_word' id='word_1_209' title='bbox 1925 1505 2003 1534; x_wconf 88' lang='lat' dir='ltr'>non</span> <span class='ocrx_word' id='word_1_210' title='bbox 2032 1504 2072 1532; x_wconf 83' lang='lat' dir='ltr'>ee</span> <span class='ocrx_word' id='word_1_211' title='bbox 2099 1489 2268 1546; x_wconf 78' lang='lat' dir='ltr'>priorem</span> <span class='ocrx_word' id='word_1_212' title='bbox 2297 1485 2365 1530; x_wconf 86' lang='lat' dir='ltr'>sed</span> <span class='ocrx_word' id='word_1_213' title='bbox 2393 1484 2574 1542; x_wconf 76' lang='lat' dir='ltr'>Ulyssem</span> <span class='ocrx_word' id='word_1_214' title='bbox 2602 1485 2711 1541; x_wconf 75' lang='lat' dir='ltr'>Aga·</span> 
     </span>
     <span class='ocr_line' id='line_1_16' title="bbox 275 1563 2713 1626; baseline -0.002 -17"><span class='ocrx_word' id='word_1_215' title='bbox 275 1579 428 1609; x_wconf 90' lang='lat' dir='ltr'>memno</span> <span class='ocrx_word' id='word_1_216' title='bbox 456 1566 755 1623; x_wconf 82' lang='lat' dir='ltr'>interrogaverit</span> <span class='ocrx_word' id='word_1_217' title='bbox 783 1563 892 1615; x_wconf 89' lang='lat' dir='ltr'>(ibid.</span> <span class='ocrx_word' id='word_1_218' title='bbox 922 1565 948 1609; x_wconf 89' lang='lat'>1.</span> <span class='ocrx_word' id='word_1_219' title='bbox 976 1565 1156 1612; x_wconf 84' lang='lat'>22-23.</span> <span class='ocrx_word' id='word_1_220' title='bbox 1187 1565 1291 1616; x_wconf 78' lang='grc' dir='ltr'><em>ἴσως</em></span> <span class='ocrx_word' id='word_1_221' title='bbox 1310 1567 1358 1611; x_wconf 85' lang='grc' dir='ltr'>δὲ</span> <span class='ocrx_word' id='word_1_222' title='bbox 1372 1593 1428 1602; x_wconf 82' lang='lat'><em>-</em></span> <span class='ocrx_word' id='word_1_223' title='bbox 1444 1566 1725 1623; x_wconf 70' lang='grc' dir='ltr'>ἐπανελθεῖν);</span> <span class='ocrx_word' id='word_1_224' title='bbox 1753 1568 1811 1612; x_wconf 87' lang='lat' dir='ltr'>vel</span> <span class='ocrx_word' id='word_1_225' title='bbox 1841 1569 1933 1626; x_wconf 85' lang='lat' dir='ltr'>quia</span> <span class='ocrx_word' id='word_1_226' title='bbox 1959 1567 2093 1626; x_wconf 78' lang='lat' dir='ltr'>Ulysei</span> <span class='ocrx_word' id='word_1_227' title='bbox 2119 1570 2351 1616; x_wconf 82' lang='lat' dir='ltr'>succenseat,</span> <span class='ocrx_word' id='word_1_228' title='bbox 2379 1563 2486 1622; x_wconf 89' lang='lat' dir='ltr'>quod</span> <span class='ocrx_word' id='word_1_229' title='bbox 2513 1565 2566 1615; x_wconf 78' lang='lat' dir='ltr'>is,</span> <span class='ocrx_word' id='word_1_230' title='bbox 2593 1576 2713 1620; x_wconf 86' lang='lat' dir='ltr'>quum</span> 
     </span>
     <span class='ocr_line' id='line_1_17' title="bbox 272 1640 2713 1705; baseline -0.001 -18"><span class='ocrx_word' id='word_1_231' title='bbox 272 1644 428 1687; x_wconf 85' lang='lat' dir='ltr'>deberet</span> <span class='ocrx_word' id='word_1_232' title='bbox 456 1643 600 1687; x_wconf 80' lang='lat' dir='ltr'>dicere:</span> <span class='ocrx_word' id='word_1_233' title='bbox 631 1644 710 1687; x_wconf 77' lang='grc' dir='ltr'>εἶσὶ</span> <span class='ocrx_word' id='word_1_234' title='bbox 736 1644 805 1686; x_wconf 77' lang='grc' dir='ltr'>καὶ</span> <span class='ocrx_word' id='word_1_235' title='bbox 834 1643 923 1688; x_wconf 78' lang='grc' dir='ltr'><em>οἵδε</em></span> <span class='ocrx_word' id='word_1_236' title='bbox 951 1644 1093 1696; x_wconf 78' lang='grc' dir='ltr'>εἰπεῖν,</span> <span class='ocrx_word' id='word_1_237' title='bbox 1122 1646 1253 1703; x_wconf 79' lang='grc' dir='ltr'><em>ἅπερ</em></span> <span class='ocrx_word' id='word_1_238' title='bbox 1284 1646 1341 1696; x_wconf 75' lang='grc' dir='ltr'>ἐξ</span> <span class='ocrx_word' id='word_1_239' title='bbox 1361 1644 1623 1704; x_wconf 77' lang='grc' dir='ltr'>Ἀχιλλέως</span> <span class='ocrx_word' id='word_1_240' title='bbox 1648 1647 1897 1704; x_wconf 79' lang='grc' dir='ltr'>ἤκουσαν,</span> <span class='ocrx_word' id='word_1_241' title='bbox 1932 1647 2063 1705; x_wconf 85' lang='lat' dir='ltr'>potius</span> <span class='ocrx_word' id='word_1_242' title='bbox 2092 1645 2170 1689; x_wconf 73' lang='grc' dir='ltr'>εἶσὶ</span> <span class='ocrx_word' id='word_1_243' title='bbox 2196 1644 2264 1687; x_wconf 76' lang='grc' dir='ltr'>καὶ</span> <span class='ocrx_word' id='word_1_244' title='bbox 2293 1642 2381 1687; x_wconf 78' lang='grc' dir='ltr'><em>οἵδε</em></span> <span class='ocrx_word' id='word_1_245' title='bbox 2410 1640 2515 1687; x_wconf 78' lang='grc' dir='ltr'><strong><em>τάδ’</em></strong></span> <span class='ocrx_word' id='word_1_246' title='bbox 2548 1641 2713 1698; x_wconf 71' lang='grc' dir='ltr'><em>εἰπέμεν</em></span> 
     </span>
     <span class='ocr_line' id='line_1_18' title="bbox 270 1714 2711 1786; baseline -0 -22"><span class='ocrx_word' id='word_1_247' title='bbox 270 1722 426 1772; x_wconf 82' lang='lat' dir='ltr'>dixerit,</span> <span class='ocrx_word' id='word_1_248' title='bbox 455 1721 496 1772; x_wconf 79' lang='grc' dir='ltr'>,ὃ</span> <span class='ocrx_word' id='word_1_249' title='bbox 524 1714 618 1780; x_wconf 70' lang='grc' dir='ltr'>ὃὴ’,’</span> <span class='ocrx_word' id='word_1_250' title='bbox 640 1728 684 1764; x_wconf 89' lang='lat' dir='ltr'>ut</span> <span class='ocrx_word' id='word_1_251' title='bbox 712 1721 839 1764; x_wconf 91' lang='lat' dir='ltr'>bonus</span> <span class='ocrx_word' id='word_1_252' title='bbox 867 1724 1073 1780; x_wconf 87' lang='lat' dir='ltr'>episcopus</span> <span class='ocrx_word' id='word_1_253' title='bbox 1109 1724 1228 1775; x_wconf 81' lang='lat' dir='ltr'>addit,</span> <span class='ocrx_word' id='word_1_254' title='bbox 1265 1725 1524 1783; x_wconf 64' lang='grc' dir='ltr'>,μου-ἤρα’</span> <span class='ocrx_word' id='word_1_255' title='bbox 1557 1741 1662 1768; x_wconf 84' lang='grc' dir='ltr'><em>τινα</em></span> <span class='ocrx_word' id='word_1_256' title='bbox 1699 1725 1807 1786; x_wconf 75' lang='grc' dir='ltr'><strong><em>ἔχει</em></strong></span> <span class='ocrx_word' id='word_1_257' title='bbox 1842 1727 1906 1772; x_wconf 81' lang='grc' dir='ltr'>ὡς</span> <span class='ocrx_word' id='word_1_258' title='bbox 1935 1726 2008 1767; x_wconf 85' lang='grc' dir='ltr'>τοῦ</span> <span class='ocrx_word' id='word_1_259' title='bbox 2043 1722 2220 1769; x_wconf 76' lang='grc' dir='ltr'><em>Αἴαντος</em></span> <span class='ocrx_word' id='word_1_260' title='bbox 2248 1723 2308 1781; x_wconf 85' lang='grc' dir='ltr'>μὴ</span> <span class='ocrx_word' id='word_1_261' title='bbox 2344 1720 2512 1781; x_wconf 76' lang='grc' dir='ltr'><em>ἔχοντός</em></span> <span class='ocrx_word' id='word_1_262' title='bbox 2544 1737 2580 1764; x_wconf 85' lang='grc' dir='ltr'>τι</span> <span class='ocrx_word' id='word_1_263' title='bbox 2614 1719 2711 1764; x_wconf 74' lang='grc' dir='ltr'><em>ἄλλο</em></span> 
     </span>
     <span class='ocr_line' id='line_1_19' title="bbox 271 1800 2714 1863; baseline -0.001 -19"><span class='ocrx_word' id='word_1_264' title='bbox 271 1801 385 1859; x_wconf 83' lang='grc' dir='ltr'><strong><em>παρὰ</em></strong></span> <span class='ocrx_word' id='word_1_265' title='bbox 415 1802 543 1844; x_wconf 84' lang='grc' dir='ltr'><em>ταῦτα</em></span> <span class='ocrx_word' id='word_1_266' title='bbox 572 1801 713 1843; x_wconf 67' lang='grc' dir='ltr'>εἰπεῖν6</span> <span class='ocrx_word' id='word_1_267' title='bbox 743 1800 852 1856; x_wconf 89' lang='lat' dir='ltr'>(ibid.</span> <span class='ocrx_word' id='word_1_268' title='bbox 875 1801 1055 1853; x_wconf 88' lang='lat'>23—26,</span> <span class='ocrx_word' id='word_1_269' title='bbox 1084 1801 1166 1862; x_wconf 79' lang='grc' dir='ltr'>ἤδη</span> <span class='ocrx_word' id='word_1_270' title='bbox 1196 1802 1245 1845; x_wconf 80' lang='grc' dir='ltr'>δέ</span> <span class='ocrx_word' id='word_1_271' title='bbox 1265 1818 1345 1847; x_wconf 86' lang='grc' dir='ltr'>που</span> <span class='ocrx_word' id='word_1_272' title='bbox 1365 1804 1464 1860; x_wconf 77' lang='grc' dir='ltr'><strong>κτὲ).</strong></span> <span class='ocrx_word' id='word_1_273' title='bbox 1500 1804 1615 1849; x_wconf 86' lang='lat' dir='ltr'>Talia</span> <span class='ocrx_word' id='word_1_274' title='bbox 1637 1803 1792 1862; x_wconf 88' lang='lat' dir='ltr'>quidem</span> <span class='ocrx_word' id='word_1_275' title='bbox 1820 1817 2028 1863; x_wconf 79' lang='lat' dir='ltr'>congerere</span> <span class='ocrx_word' id='word_1_276' title='bbox 2056 1817 2136 1846; x_wconf 92' lang='lat' dir='ltr'>non</span> <span class='ocrx_word' id='word_1_277' title='bbox 2163 1803 2278 1846; x_wconf 87' lang='lat' dir='ltr'>nimis</span> <span class='ocrx_word' id='word_1_278' title='bbox 2307 1800 2457 1845; x_wconf 86' lang='lat' dir='ltr'>difficile</span> <span class='ocrx_word' id='word_1_279' title='bbox 2486 1805 2588 1851; x_wconf 82' lang='lat' dir='ltr'>erat3</span> <span class='ocrx_word' id='word_1_280' title='bbox 2623 1806 2714 1843; x_wconf 90' lang='lat' dir='ltr'>sunt</span> 
     </span>
     <span class='ocr_line' id='line_1_20' title="bbox 270 1880 2713 1940; baseline -0.001 -15"><span class='ocrx_word' id='word_1_281' title='bbox 270 1885 370 1925; x_wconf 89' lang='lat' dir='ltr'>enim</span> <span class='ocrx_word' id='word_1_282' title='bbox 398 1895 506 1924; x_wconf 88' lang='lat' dir='ltr'>mera</span> <span class='ocrx_word' id='word_1_283' title='bbox 533 1887 748 1924; x_wconf 81' lang='lat' dir='ltr'>commenta</span> <span class='ocrx_word' id='word_1_284' title='bbox 777 1888 816 1923; x_wconf 85' lang='lat' dir='ltr'>et</span> <span class='ocrx_word' id='word_1_285' title='bbox 839 1895 966 1939; x_wconf 84' lang='lat' dir='ltr'>nugae</span> <span class='ocrx_word' id='word_1_286' title='bbox 994 1896 1046 1924; x_wconf 77' lang='lat' dir='ltr'>cx</span> <span class='ocrx_word' id='word_1_287' title='bbox 1075 1888 1184 1939; x_wconf 88' lang='lat' dir='ltr'>parte</span> <span class='ocrx_word' id='word_1_288' title='bbox 1215 1882 1423 1927; x_wconf 84' lang='lat' dir='ltr'>admodum</span> <span class='ocrx_word' id='word_1_289' title='bbox 1452 1884 1649 1927; x_wconf 79' lang='lat' dir='ltr'>ridiculae.</span> <span class='ocrx_word' id='word_1_290' title='bbox 1693 1882 1864 1934; x_wconf 75' lang='lat' dir='ltr'>poetam,</span> <span class='ocrx_word' id='word_1_291' title='bbox 1893 1885 1925 1925; x_wconf 86' lang='lat' dir='ltr'>si</span> <span class='ocrx_word' id='word_1_292' title='bbox 1955 1881 2048 1940; x_wconf 90' lang='lat' dir='ltr'>quid</span> <span class='ocrx_word' id='word_1_293' title='bbox 2076 1881 2136 1925; x_wconf 82' lang='lat' dir='ltr'>vel</span> <span class='ocrx_word' id='word_1_294' title='bbox 2165 1883 2328 1926; x_wconf 86' lang='lat' dir='ltr'>istorum</span> <span class='ocrx_word' id='word_1_295' title='bbox 2357 1881 2418 1924; x_wconf 85' lang='lat' dir='ltr'>vel</span> <span class='ocrx_word' id='word_1_296' title='bbox 2445 1880 2625 1924; x_wconf 79' lang='lat' dir='ltr'>similium</span> <span class='ocrx_word' id='word_1_297' title='bbox 2653 1881 2713 1922; x_wconf 90' lang='lat' dir='ltr'>in·</span> 
     </span>
     <span class='ocr_line' id='line_1_21' title="bbox 271 1959 2712 2020; baseline -0.001 -17"><span class='ocrx_word' id='word_1_298' title='bbox 271 1960 390 2017; x_wconf 87' lang='lat' dir='ltr'>telligi</span> <span class='ocrx_word' id='word_1_299' title='bbox 419 1960 595 2011; x_wconf 85' lang='lat' dir='ltr'>voluerit,</span> <span class='ocrx_word' id='word_1_300' title='bbox 623 1959 751 2003; x_wconf 82' lang='lat' dir='ltr'>verbis</span> <span class='ocrx_word' id='word_1_301' title='bbox 779 1959 820 2002; x_wconf 89' lang='lat' dir='ltr'>id</span> <span class='ocrx_word' id='word_1_302' title='bbox 845 1959 974 2017; x_wconf 85' lang='lat' dir='ltr'>aliquo</span> <span class='ocrx_word' id='word_1_303' title='bbox 998 1960 1115 2004; x_wconf 90' lang='lat' dir='ltr'>modo</span> <span class='ocrx_word' id='word_1_304' title='bbox 1135 1961 1314 2005; x_wconf 87' lang='lat' dir='ltr'>debuisse</span> <span class='ocrx_word' id='word_1_305' title='bbox 1343 1961 1511 2005; x_wconf 85' lang='lat' dir='ltr'>indicare</span> <span class='ocrx_word' id='word_1_306' title='bbox 1540 1962 1615 2005; x_wconf 90' lang='lat' dir='ltr'>hoc</span> <span class='ocrx_word' id='word_1_307' title='bbox 1632 1964 1760 2020; x_wconf 82' lang='lat' dir='ltr'>ipsum</span> <span class='ocrx_word' id='word_1_308' title='bbox 1780 1961 2012 2005; x_wconf 87' lang='lat' dir='ltr'>documento</span> <span class='ocrx_word' id='word_1_309' title='bbox 2041 1966 2111 2011; x_wconf 86' lang='lat' dir='ltr'>est,</span> <span class='ocrx_word' id='word_1_310' title='bbox 2141 1959 2246 2018; x_wconf 88' lang='lat' dir='ltr'>quod</span> <span class='ocrx_word' id='word_1_311' title='bbox 2269 1962 2472 2002; x_wconf 82' lang='lat' dir='ltr'>inter-tam</span> <span class='ocrx_word' id='word_1_312' title='bbox 2494 1960 2620 2002; x_wconf 84' lang='lat' dir='ltr'>varias</span> <span class='ocrx_word' id='word_1_313' title='bbox 2648 1972 2712 2001; x_wconf 89' lang='lat' dir='ltr'>ra-</span> 
     </span>
     <span class='ocr_line' id='line_1_22' title="bbox 272 2038 689 2096; baseline 0.002 -14"><span class='ocrx_word' id='word_1_314' title='bbox 272 2042 397 2083; x_wconf 87' lang='lat' dir='ltr'>tiones</span> <span class='ocrx_word' id='word_1_315' title='bbox 425 2038 542 2083; x_wconf 85' lang='lat' dir='ltr'>datur</span> <span class='ocrx_word' id='word_1_316' title='bbox 571 2041 689 2096; x_wconf 86' lang='lat' dir='ltr'>optio.</span> 
     </span>
    </p>

    <p class='ocr_par' dir='ltr' id='par_1_3' title="bbox 273 2117 2712 3127">
     <span class='ocr_line' id='line_1_23' title="bbox 475 2117 2711 2177; baseline 0 -17"><span class='ocrx_word' id='word_1_317' title='bbox 475 2122 692 2177; x_wconf 83' lang='lat' dir='ltr'>Pergamus</span> <span class='ocrx_word' id='word_1_318' title='bbox 721 2120 771 2163; x_wconf 83' lang='lat' dir='ltr'>ad</span> <span class='ocrx_word' id='word_1_319' title='bbox 799 2119 898 2162; x_wconf 84' lang='lat' dir='ltr'>duas</span> <span class='ocrx_word' id='word_1_320' title='bbox 927 2119 1021 2162; x_wconf 86' lang='lat' dir='ltr'>alias</span> <span class='ocrx_word' id='word_1_321' title='bbox 1050 2121 1321 2163; x_wconf 80' lang='lat' dir='ltr'>excusationes</span> <span class='ocrx_word' id='word_1_322' title='bbox 1350 2134 1430 2163; x_wconf 91' lang='lat' dir='ltr'>non</span> <span class='ocrx_word' id='word_1_323' title='bbox 1458 2122 1587 2164; x_wconf 89' lang='lat' dir='ltr'>minus</span> <span class='ocrx_word' id='word_1_324' title='bbox 1617 2120 1755 2165; x_wconf 81' lang='lat' dir='ltr'>sutiles.</span> <span class='ocrx_word' id='word_1_325' title='bbox 1814 2120 1900 2164; x_wconf 91' lang='lat' dir='ltr'>Una</span> <span class='ocrx_word' id='word_1_326' title='bbox 1927 2126 1988 2165; x_wconf 86' lang='lat' dir='ltr'>est</span> <span class='ocrx_word' id='word_1_327' title='bbox 2015 2134 2172 2170; x_wconf 90' lang='lat' dir='ltr'>eorum,</span> <span class='ocrx_word' id='word_1_328' title='bbox 2208 2120 2274 2177; x_wconf 91' lang='lat' dir='ltr'>qui</span> <span class='ocrx_word' id='word_1_329' title='bbox 2304 2117 2482 2176; x_wconf 82' lang='lat' dir='ltr'>Ulyssem</span> <span class='ocrx_word' id='word_1_330' title='bbox 2515 2118 2711 2175; x_wconf 65' lang='lat' dir='ltr'>posti-rius</span> 
     </span>
     <span class='ocr_line' id='line_1_24' title="bbox 275 2195 2711 2257; baseline -0.001 -16"><span class='ocrx_word' id='word_1_331' title='bbox 275 2198 438 2241; x_wconf 88' lang='lat' dir='ltr'>Achillis</span> <span class='ocrx_word' id='word_1_332' title='bbox 466 2211 697 2254; x_wconf 88' lang='lat' dir='ltr'>responsum</span> <span class='ocrx_word' id='word_1_333' title='bbox 726 2200 881 2241; x_wconf 87' lang='lat' dir='ltr'>reticere</span> <span class='ocrx_word' id='word_1_334' title='bbox 910 2199 1043 2240; x_wconf 88' lang='lat' dir='ltr'>dicunt</span> <span class='ocrx_word' id='word_1_335' title='bbox 1071 2198 1213 2241; x_wconf 87' lang='lat' dir='ltr'>invidia</span> <span class='ocrx_word' id='word_1_336' title='bbox 1244 2200 1465 2250; x_wconf 87' lang='lat' dir='ltr'>incensum,</span> <span class='ocrx_word' id='word_1_337' title='bbox 1498 2200 1603 2256; x_wconf 90' lang='lat' dir='ltr'>quod</span> <span class='ocrx_word' id='word_1_338' title='bbox 1625 2200 1735 2257; x_wconf 84' lang='lat' dir='ltr'>Ajax</span> <span class='ocrx_word' id='word_1_339' title='bbox 1765 2201 1913 2257; x_wconf 86' lang='lat' dir='ltr'>seipso</span> <span class='ocrx_word' id='word_1_340' title='bbox 1933 2198 2021 2257; x_wconf 90' lang='lat' dir='ltr'>plus</span> <span class='ocrx_word' id='word_1_341' title='bbox 2044 2197 2092 2241; x_wconf 92' lang='lat' dir='ltr'>ab</span> <span class='ocrx_word' id='word_1_342' title='bbox 2113 2196 2264 2240; x_wconf 87' lang='lat' dir='ltr'>Achille</span> <span class='ocrx_word' id='word_1_343' title='bbox 2285 2197 2545 2254; x_wconf 86' lang='lat' dir='ltr'>impetraverit</span> <span class='ocrx_word' id='word_1_344' title='bbox 2572 2195 2711 2251; x_wconf 90' lang='lat' dir='ltr'>(schol.</span> 
     </span>
     <span class='ocr_line' id='line_1_25' title="bbox 277 2268 2711 2336; baseline 0.001 -16"><span class='ocrx_word' id='word_1_345' title='bbox 277 2278 306 2320; x_wconf 90' lang='lat' dir='ltr'>L</span> <span class='ocrx_word' id='word_1_346' title='bbox 328 2277 377 2321; x_wconf 86' lang='lat' dir='ltr'>ad</span> <span class='ocrx_word' id='word_1_347' title='bbox 399 2276 477 2323; x_wconf 85' lang='lat'>681</span> <span class='ocrx_word' id='word_1_348' title='bbox 510 2275 1155 2334; x_wconf 71' lang='grc' dir='ltr'><em>ἀνακόπτει-κατορθώσαντος·</em></span> <span class='ocrx_word' id='word_1_349' title='bbox 1191 2278 1301 2321; x_wconf 86' lang='lat' dir='ltr'>Eust.</span> <span class='ocrx_word' id='word_1_350' title='bbox 1318 2293 1356 2336; x_wconf 90' lang='lat' dir='ltr'>p.</span> <span class='ocrx_word' id='word_1_351' title='bbox 1386 2278 1481 2331; x_wconf 88' lang='grc'>783,</span> <span class='ocrx_word' id='word_1_352' title='bbox 1513 2280 1690 2324; x_wconf 73' lang='grc'>15-17</span> <span class='ocrx_word' id='word_1_353' title='bbox 1721 2279 1790 2322; x_wconf 88' lang='grc' dir='ltr'>οἷα</span> <span class='ocrx_word' id='word_1_354' title='bbox 1818 2279 1887 2321; x_wconf 77' lang='grc' dir='ltr'>καὶ</span> <span class='ocrx_word' id='word_1_355' title='bbox 1904 2301 1955 2311; x_wconf 90' lang='lat'>--</span> <span class='ocrx_word' id='word_1_356' title='bbox 1973 2275 2109 2320; x_wconf 75' lang='grc' dir='ltr'><strong><em>πειθώ</em></strong></span> <span class='ocrx_word' id='word_1_357' title='bbox 2145 2268 2195 2320; x_wconf 79' lang='lat' dir='ltr'>ci&#39;.¹</span> <span class='ocrx_word' id='word_1_358' title='bbox 2219 2275 2352 2319; x_wconf 82' lang='lat' dir='ltr'>scholi.</span> <span class='ocrx_word' id='word_1_359' title='bbox 2382 2274 2488 2319; x_wconf 87' lang='lat' dir='ltr'>BLV</span> <span class='ocrx_word' id='word_1_360' title='bbox 2519 2274 2569 2319; x_wconf 83' lang='lat' dir='ltr'>ad</span> <span class='ocrx_word' id='word_1_361' title='bbox 2593 2274 2711 2329; x_wconf 81' lang='lat'>650):</span> 
     </span>
     <span class='ocr_line' id='line_1_26' title="bbox 275 2353 2712 2416; baseline -0 -17"><span class='ocrx_word' id='word_1_362' title='bbox 275 2356 396 2399; x_wconf 86' lang='lat' dir='ltr'>altera</span> <span class='ocrx_word' id='word_1_363' title='bbox 411 2357 479 2412; x_wconf 86' lang='lat' dir='ltr'>qui</span> <span class='ocrx_word' id='word_1_364' title='bbox 497 2360 676 2404; x_wconf 86' lang='lat' dir='ltr'>utuntur,</span> <span class='ocrx_word' id='word_1_365' title='bbox 697 2354 858 2396; x_wconf 89' lang='lat' dir='ltr'>eundem</span> <span class='ocrx_word' id='word_1_366' title='bbox 880 2355 953 2398; x_wconf 92' lang='lat' dir='ltr'>hoc</span> <span class='ocrx_word' id='word_1_367' title='bbox 974 2372 1087 2413; x_wconf 85' lang='lat' dir='ltr'>agere</span> <span class='ocrx_word' id='word_1_368' title='bbox 1108 2363 1299 2405; x_wconf 84' lang='lat' dir='ltr'>statuunt,</span> <span class='ocrx_word' id='word_1_369' title='bbox 1319 2372 1366 2399; x_wconf 90' lang='lat' dir='ltr'>ne</span> <span class='ocrx_word' id='word_1_370' title='bbox 1398 2357 1509 2399; x_wconf 87' lang='lat' dir='ltr'>alieni</span> <span class='ocrx_word' id='word_1_371' title='bbox 1537 2372 1606 2415; x_wconf 86' lang='lat' dir='ltr'>spe</span> <span class='ocrx_word' id='word_1_372' title='bbox 1623 2357 1760 2400; x_wconf 84' lang='lat' dir='ltr'>auxilii</span> <span class='ocrx_word' id='word_1_373' title='bbox 1776 2356 1891 2400; x_wconf 84' lang='lat' dir='ltr'>allata</span> <span class='ocrx_word' id='word_1_374' title='bbox 1913 2355 1974 2399; x_wconf 87' lang='lat' dir='ltr'>vel</span> <span class='ocrx_word' id='word_1_375' title='bbox 1992 2355 2127 2399; x_wconf 85' lang='lat' dir='ltr'>Graeci</span> <span class='ocrx_word' id='word_1_376' title='bbox 2148 2355 2304 2413; x_wconf 87' lang='lat' dir='ltr'>segnius</span> <span class='ocrx_word' id='word_1_377' title='bbox 2323 2353 2503 2398; x_wconf 81' lang='lat' dir='ltr'>dimicent</span> <span class='ocrx_word' id='word_1_378' title='bbox 2521 2354 2581 2416; x_wconf 79' lang='lat' dir='ltr'>vel</span> <span class='ocrx_word' id='word_1_379' title='bbox 2602 2355 2712 2412; x_wconf 75' lang='lat' dir='ltr'>Aga·</span> 
     </span>
     <span class='ocr_line' id='line_1_27' title="bbox 274 2433 2710 2494; baseline -0 -16"><span class='ocrx_word' id='word_1_380' title='bbox 274 2449 426 2478; x_wconf 85' lang='lat' dir='ltr'>memno</span> <span class='ocrx_word' id='word_1_381' title='bbox 440 2436 568 2479; x_wconf 87' lang='lat' dir='ltr'>minus</span> <span class='ocrx_word' id='word_1_382' title='bbox 589 2435 667 2477; x_wconf 83' lang='lat' dir='ltr'>acri</span> <span class='ocrx_word' id='word_1_383' title='bbox 687 2435 906 2491; x_wconf 86' lang='lat' dir='ltr'>intentaque</span> <span class='ocrx_word' id='word_1_384' title='bbox 919 2448 1011 2478; x_wconf 85' lang='lat' dir='ltr'>cura</span> <span class='ocrx_word' id='word_1_385' title='bbox 1031 2436 1080 2479; x_wconf 85' lang='lat' dir='ltr'>ad</span> <span class='ocrx_word' id='word_1_386' title='bbox 1098 2436 1259 2480; x_wconf 80' lang='lat' dir='ltr'>salutem</span> <span class='ocrx_word' id='word_1_387' title='bbox 1278 2451 1413 2480; x_wconf 88' lang='lat' dir='ltr'>eorum</span> <span class='ocrx_word' id='word_1_388' title='bbox 1432 2437 1628 2481; x_wconf 83' lang='lat' dir='ltr'>incumbat</span> <span class='ocrx_word' id='word_1_389' title='bbox 1650 2436 1789 2493; x_wconf 86' lang='lat' dir='ltr'>(schol.</span> <span class='ocrx_word' id='word_1_390' title='bbox 1807 2436 1965 2494; x_wconf 83' lang='lat' dir='ltr'>Apost.</span> <span class='ocrx_word' id='word_1_391' title='bbox 1987 2434 2036 2479; x_wconf 79' lang='lat' dir='ltr'>ad</span> <span class='ocrx_word' id='word_1_392' title='bbox 2054 2433 2149 2482; x_wconf 88' lang='grc'>680.</span> <span class='ocrx_word' id='word_1_393' title='bbox 2172 2435 2217 2478; x_wconf 84' lang='grc' dir='ltr'>τὸ</span> <span class='ocrx_word' id='word_1_394' title='bbox 2242 2433 2291 2477; x_wconf 83' lang='grc' dir='ltr'>δὲ</span> <span class='ocrx_word' id='word_1_395' title='bbox 2312 2433 2710 2493; x_wconf 57' lang='lat' dir='ltr'>nazoraiau-,ew</span> 
     </span>
     <span class='ocr_line' id='line_1_28' title="bbox 274 2511 2710 2576; baseline -0.001 -18"><span class='ocrx_word' id='word_1_396' title='bbox 274 2515 378 2559; x_wconf 69' lang='grc' dir='ltr'><em>θεῖν.</em></span> <span class='ocrx_word' id='word_1_397' title='bbox 417 2514 538 2559; x_wconf 87' lang='lat' dir='ltr'>schol.</span> <span class='ocrx_word' id='word_1_398' title='bbox 568 2513 601 2557; x_wconf 94' lang='lat' dir='ltr'>L</span> <span class='ocrx_word' id='word_1_399' title='bbox 631 2512 679 2556; x_wconf 92' lang='lat' dir='ltr'>ad</span> <span class='ocrx_word' id='word_1_400' title='bbox 701 2512 777 2560; x_wconf 81' lang='lat'>681</span> <span class='ocrx_word' id='word_1_401' title='bbox 811 2512 836 2572; x_wconf 78' lang='grc' dir='ltr'>ἢ</span> <span class='ocrx_word' id='word_1_402' title='bbox 867 2513 1285 2571; x_wconf 77' lang='grc' dir='ltr'><em>ἳνα-πολεμήσωσιν</em></span> <span class='ocrx_word' id='word_1_403' title='bbox 1319 2514 1367 2560; x_wconf 78' lang='lat' dir='ltr'>cf.</span> <span class='ocrx_word' id='word_1_404' title='bbox 1394 2516 1505 2560; x_wconf 86' lang='lat' dir='ltr'>Eust.</span> <span class='ocrx_word' id='word_1_405' title='bbox 1534 2532 1570 2575; x_wconf 77' lang='lat' dir='ltr'>p.</span> <span class='ocrx_word' id='word_1_406' title='bbox 1601 2516 1695 2568; x_wconf 82' lang='lat'>783,</span> <span class='ocrx_word' id='word_1_407' title='bbox 1729 2515 1904 2561; x_wconf 79' lang='lat'><strong>17—18.</strong></span> <span class='ocrx_word' id='word_1_408' title='bbox 1934 2515 1959 2557; x_wconf 83' lang='grc' dir='ltr'><strong>ὁ</strong></span> <span class='ocrx_word' id='word_1_409' title='bbox 1988 2511 2093 2562; x_wconf 78' lang='grc' dir='ltr'><em>Αἴας</em></span> <span class='ocrx_word' id='word_1_410' title='bbox 2120 2513 2532 2576; x_wconf 74' lang='grc' dir='ltr'><em>ὃέ-ᾁγωνίσωνται.</em></span> <span class='ocrx_word' id='word_1_411' title='bbox 2575 2512 2710 2558; x_wconf 86' lang='lat' dir='ltr'>scholl.</span> 
     </span>
     <span class='ocr_line' id='line_1_29' title="bbox 277 2581 2712 2655; baseline -0.002 -16"><span class='ocrx_word' id='word_1_412' title='bbox 277 2595 346 2639; x_wconf 89' lang='lat' dir='ltr'>DL</span> <span class='ocrx_word' id='word_1_413' title='bbox 377 2581 426 2638; x_wconf 79' lang='lat' dir='ltr'>ad</span> <span class='ocrx_word' id='word_1_414' title='bbox 456 2592 552 2640; x_wconf 85' lang='grc'>689.</span> <span class='ocrx_word' id='word_1_415' title='bbox 591 2592 726 2635; x_wconf 82' lang='lat' dir='ltr'>sehon.</span> <span class='ocrx_word' id='word_1_416' title='bbox 757 2591 823 2636; x_wconf 90' lang='lat' dir='ltr'>BL</span> <span class='ocrx_word' id='word_1_417' title='bbox 853 2593 903 2636; x_wconf 87' lang='lat' dir='ltr'>ad</span> <span class='ocrx_word' id='word_1_418' title='bbox 920 2593 1037 2655; x_wconf 69' lang='grc'>649).</span> <span class='ocrx_word' id='word_1_419' title='bbox 1088 2594 1237 2643; x_wconf 87' lang='lat' dir='ltr'>Quibus</span> <span class='ocrx_word' id='word_1_420' title='bbox 1266 2595 1342 2638; x_wconf 93' lang='lat' dir='ltr'>hoc</span> <span class='ocrx_word' id='word_1_421' title='bbox 1371 2611 1571 2639; x_wconf 87' lang='lat' dir='ltr'>commune</span> <span class='ocrx_word' id='word_1_422' title='bbox 1601 2602 1672 2647; x_wconf 88' lang='lat' dir='ltr'>est,</span> <span class='ocrx_word' id='word_1_423' title='bbox 1701 2595 1820 2653; x_wconf 86' lang='lat' dir='ltr'>quod,</span> <span class='ocrx_word' id='word_1_424' title='bbox 1848 2609 1968 2651; x_wconf 90' lang='lat' dir='ltr'>quum</span> <span class='ocrx_word' id='word_1_425' title='bbox 1998 2593 2167 2637; x_wconf 84' lang='lat' dir='ltr'>Achilles</span> <span class='ocrx_word' id='word_1_426' title='bbox 2194 2609 2255 2636; x_wconf 85' lang='lat' dir='ltr'>vv.</span> <span class='ocrx_word' id='word_1_427' title='bbox 2284 2593 2506 2639; x_wconf 73' lang='lat' dir='ltr'>eso-655</span> <span class='ocrx_word' id='word_1_428' title='bbox 2533 2595 2643 2651; x_wconf 87' lang='lat' dir='ltr'>prius</span> <span class='ocrx_word' id='word_1_429' title='bbox 2670 2607 2712 2636; x_wconf 85' lang='lat' dir='ltr'>se</span> 
     </span>
     <span class='ocr_line' id='line_1_30' title="bbox 273 2671 2709 2731; baseline -0.001 -13"><span class='ocrx_word' id='word_1_430' title='bbox 273 2689 382 2718; x_wconf 87' lang='lat' dir='ltr'>arma</span> <span class='ocrx_word' id='word_1_431' title='bbox 419 2678 626 2731; x_wconf 90' lang='lat' dir='ltr'>capturum</span> <span class='ocrx_word' id='word_1_432' title='bbox 662 2676 800 2730; x_wconf 86' lang='lat' dir='ltr'>negat,</span> <span class='ocrx_word' id='word_1_433' title='bbox 843 2686 957 2728; x_wconf 85' lang='lat' dir='ltr'>quam</span> <span class='ocrx_word' id='word_1_434' title='bbox 996 2671 1137 2715; x_wconf 87' lang='lat' dir='ltr'>Hector</span> <span class='ocrx_word' id='word_1_435' title='bbox 1172 2676 1335 2718; x_wconf 81' lang='lat' dir='ltr'>incensis</span> <span class='ocrx_word' id='word_1_436' title='bbox 1375 2675 1541 2719; x_wconf 89' lang='lat' dir='ltr'>navibus</span> <span class='ocrx_word' id='word_1_437' title='bbox 1576 2677 1676 2719; x_wconf 88' lang='lat' dir='ltr'>inter</span> <span class='ocrx_word' id='word_1_438' title='bbox 1713 2673 1867 2718; x_wconf 86' lang='lat' dir='ltr'>caedem</span> <span class='ocrx_word' id='word_1_439' title='bbox 1906 2673 2139 2717; x_wconf 87' lang='lat' dir='ltr'>Graecorum</span> <span class='ocrx_word' id='word_1_440' title='bbox 2178 2689 2301 2731; x_wconf 88' lang='lat' dir='ltr'>usque</span> <span class='ocrx_word' id='word_1_441' title='bbox 2338 2672 2388 2716; x_wconf 89' lang='lat' dir='ltr'>ad</span> <span class='ocrx_word' id='word_1_442' title='bbox 2417 2672 2709 2730; x_wconf 82' lang='lat' dir='ltr'>Myrmidonum</span> 
     </span>
     <span class='ocr_line' id='line_1_31' title="bbox 274 2750 2711 2812; baseline -0.001 -15"><span class='ocrx_word' id='word_1_443' title='bbox 274 2760 399 2797; x_wconf 84' lang='lat' dir='ltr'>castra</span> <span class='ocrx_word' id='word_1_444' title='bbox 428 2753 660 2811; x_wconf 87' lang='lat' dir='ltr'>pervenerit,</span> <span class='ocrx_word' id='word_1_445' title='bbox 687 2766 734 2794; x_wconf 94' lang='lat' dir='ltr'>eo</span> <span class='ocrx_word' id='word_1_446' title='bbox 765 2765 873 2808; x_wconf 88' lang='lat' dir='ltr'>spem</span> <span class='ocrx_word' id='word_1_447' title='bbox 902 2750 1053 2793; x_wconf 86' lang='lat' dir='ltr'>futurae</span> <span class='ocrx_word' id='word_1_448' title='bbox 1082 2754 1166 2808; x_wconf 91' lang='lat' dir='ltr'>opis</span> <span class='ocrx_word' id='word_1_449' title='bbox 1203 2754 1251 2796; x_wconf 90' lang='lat' dir='ltr'>ab</span> <span class='ocrx_word' id='word_1_450' title='bbox 1280 2755 1345 2795; x_wconf 90' lang='lat' dir='ltr'>illo</span> <span class='ocrx_word' id='word_1_451' title='bbox 1374 2757 1562 2797; x_wconf 85' lang='lat' dir='ltr'>exercitui</span> <span class='ocrx_word' id='word_1_452' title='bbox 1591 2757 1803 2812; x_wconf 85' lang='lat' dir='ltr'>opinantur</span> <span class='ocrx_word' id='word_1_453' title='bbox 1831 2753 1993 2797; x_wconf 87' lang='lat' dir='ltr'>ostendi.</span> <span class='ocrx_word' id='word_1_454' title='bbox 2048 2753 2257 2811; x_wconf 82' lang='lat' dir='ltr'>Egregium</span> <span class='ocrx_word' id='word_1_455' title='bbox 2295 2767 2455 2796; x_wconf 82' lang='lat' dir='ltr'>acumen</span> <span class='ocrx_word' id='word_1_456' title='bbox 2493 2752 2711 2795; x_wconf 88' lang='lat' dir='ltr'>hominum!</span> 
     </span>
     <span class='ocr_line' id='line_1_32' title="bbox 274 2828 2710 2891; baseline 0 -16"><span class='ocrx_word' id='word_1_457' title='bbox 274 2833 385 2876; x_wconf 83' lang='lat' dir='ltr'>Patet</span> <span class='ocrx_word' id='word_1_458' title='bbox 412 2833 512 2874; x_wconf 89' lang='lat' dir='ltr'>enim</span> <span class='ocrx_word' id='word_1_459' title='bbox 543 2830 734 2874; x_wconf 84' lang='lat' dir='ltr'>auxilium</span> <span class='ocrx_word' id='word_1_460' title='bbox 765 2836 848 2872; x_wconf 91' lang='lat' dir='ltr'>tum</span> <span class='ocrx_word' id='word_1_461' title='bbox 878 2828 1031 2871; x_wconf 88' lang='lat' dir='ltr'>demum</span> <span class='ocrx_word' id='word_1_462' title='bbox 1061 2829 1244 2881; x_wconf 77' lang='lat' dir='ltr'>futurum,</span> <span class='ocrx_word' id='word_1_463' title='bbox 1273 2847 1391 2889; x_wconf 88' lang='lat' dir='ltr'>quum</span> <span class='ocrx_word' id='word_1_464' title='bbox 1421 2839 1574 2877; x_wconf 80' lang='lat' dir='ltr'>tantum</span> <span class='ocrx_word' id='word_1_465' title='bbox 1599 2848 1680 2876; x_wconf 92' lang='lat' dir='ltr'>non</span> <span class='ocrx_word' id='word_1_466' title='bbox 1709 2837 1837 2876; x_wconf 88' lang='lat' dir='ltr'>actum</span> <span class='ocrx_word' id='word_1_467' title='bbox 1865 2830 1981 2877; x_wconf 83' lang='lat' dir='ltr'>fuerit</span> <span class='ocrx_word' id='word_1_468' title='bbox 2007 2831 2055 2876; x_wconf 88' lang='lat' dir='ltr'>de</span> <span class='ocrx_word' id='word_1_469' title='bbox 2084 2832 2260 2884; x_wconf 87' lang='lat' dir='ltr'>Graecis,</span> <span class='ocrx_word' id='word_1_470' title='bbox 2288 2846 2362 2891; x_wconf 87' lang='lat' dir='ltr'>pro</span> <span class='ocrx_word' id='word_1_471' title='bbox 2390 2829 2498 2874; x_wconf 89' lang='lat' dir='ltr'>nullo</span> <span class='ocrx_word' id='word_1_472' title='bbox 2527 2845 2611 2874; x_wconf 83' lang='lat' dir='ltr'>esse</span> <span class='ocrx_word' id='word_1_473' title='bbox 2639 2831 2710 2890; x_wconf 61' lang='lat' dir='ltr'>ha7-</span> 
     </span>
     <span class='ocr_line' id='line_1_33' title="bbox 274 2908 2710 2970; baseline -0.003 -11"><span class='ocrx_word' id='word_1_474' title='bbox 274 2911 453 2955; x_wconf 82' lang='lat' dir='ltr'>bendum·</span> <span class='ocrx_word' id='word_1_475' title='bbox 511 2909 642 2959; x_wconf 73' lang='lat' dir='ltr'>Quare</span> <span class='ocrx_word' id='word_1_476' title='bbox 670 2924 753 2959; x_wconf 77' lang='lat' dir='ltr'>nec,</span> <span class='ocrx_word' id='word_1_477' title='bbox 782 2910 849 2966; x_wconf 90' lang='lat' dir='ltr'>qui</span> <span class='ocrx_word' id='word_1_478' title='bbox 879 2908 975 2950; x_wconf 88' lang='lat' dir='ltr'>bene</span> <span class='ocrx_word' id='word_1_479' title='bbox 1004 2923 1122 2951; x_wconf 90' lang='lat' dir='ltr'>sanus</span> <span class='ocrx_word' id='word_1_480' title='bbox 1150 2917 1266 2960; x_wconf 88' lang='lat' dir='ltr'>esset,</span> <span class='ocrx_word' id='word_1_481' title='bbox 1294 2914 1416 2955; x_wconf 87' lang='lat' dir='ltr'>vereri</span> <span class='ocrx_word' id='word_1_482' title='bbox 1444 2919 1616 2970; x_wconf 89' lang='lat' dir='ltr'>poterat,</span> <span class='ocrx_word' id='word_1_483' title='bbox 1646 2927 1694 2955; x_wconf 90' lang='lat' dir='ltr'>ne</span> <span class='ocrx_word' id='word_1_484' title='bbox 1723 2911 1788 2954; x_wconf 83' lang='lat' dir='ltr'>illa</span> <span class='ocrx_word' id='word_1_485' title='bbox 1815 2910 1883 2954; x_wconf 85' lang='lat' dir='ltr'>tali</span> <span class='ocrx_word' id='word_1_486' title='bbox 1911 2926 1997 2970; x_wconf 91' lang='lat' dir='ltr'>spe,</span> <span class='ocrx_word' id='word_1_487' title='bbox 2026 2926 2125 2969; x_wconf 90' lang='lat' dir='ltr'>quae</span> <span class='ocrx_word' id='word_1_488' title='bbox 2153 2911 2259 2955; x_wconf 88' lang='lat' dir='ltr'>nulla</span> <span class='ocrx_word' id='word_1_489' title='bbox 2287 2915 2388 2961; x_wconf 88' lang='lat' dir='ltr'>erat,</span> <span class='ocrx_word' id='word_1_490' title='bbox 2417 2911 2500 2953; x_wconf 84' lang='lat' dir='ltr'>nixi</span> <span class='ocrx_word' id='word_1_491' title='bbox 2528 2911 2710 2953; x_wconf 79' lang='lat' dir='ltr'>virtutem</span> 
     </span>
     <span class='ocr_line' id='line_1_34' title="bbox 275 2987 2710 3048; baseline -0 -15"><span class='ocrx_word' id='word_1_492' title='bbox 275 2991 513 3033; x_wconf 79' lang='lat' dir='ltr'>remitterent</span> <span class='ocrx_word' id='word_1_493' title='bbox 534 2988 683 3038; x_wconf 88' lang='lat' dir='ltr'>Graeci,</span> <span class='ocrx_word' id='word_1_494' title='bbox 712 3002 838 3045; x_wconf 87' lang='lat' dir='ltr'>neque</span> <span class='ocrx_word' id='word_1_495' title='bbox 869 2989 983 3029; x_wconf 88' lang='lat' dir='ltr'>istam</span> <span class='ocrx_word' id='word_1_496' title='bbox 1012 2987 1125 3029; x_wconf 89' lang='lat' dir='ltr'>talem</span> <span class='ocrx_word' id='word_1_497' title='bbox 1146 2991 1438 3045; x_wconf 87' lang='lat' dir='ltr'>promissionem</span> <span class='ocrx_word' id='word_1_498' title='bbox 1455 2992 1605 3048; x_wconf 81' lang='lat' dir='ltr'>jactare</span> <span class='ocrx_word' id='word_1_499' title='bbox 1629 2989 1768 3033; x_wconf 87' lang='lat' dir='ltr'>licebat</span> <span class='ocrx_word' id='word_1_500' title='bbox 1786 2989 1912 3046; x_wconf 80' lang='lat' dir='ltr'>Ajaci.</span> <span class='ocrx_word' id='word_1_501' title='bbox 1960 2989 2218 3048; x_wconf 76' lang='lat' dir='ltr'>Quamquam,</span> <span class='ocrx_word' id='word_1_502' title='bbox 2245 2991 2395 3033; x_wconf 77' lang='lat' dir='ltr'>etiamsi</span> <span class='ocrx_word' id='word_1_503' title='bbox 2415 2989 2555 3040; x_wconf 86' lang='lat' dir='ltr'>liceret,</span> <span class='ocrx_word' id='word_1_504' title='bbox 2581 2992 2710 3047; x_wconf 89' lang='lat' dir='ltr'>inepte</span> 
     </span>
     <span class='ocr_line' id='line_1_35' title="bbox 275 3066 1935 3127; baseline 0.001 -16"><span class='ocrx_word' id='word_1_505' title='bbox 275 3074 404 3111; x_wconf 87' lang='lat' dir='ltr'>tamen</span> <span class='ocrx_word' id='word_1_506' title='bbox 431 3069 471 3110; x_wconf 90' lang='lat' dir='ltr'>in</span> <span class='ocrx_word' id='word_1_507' title='bbox 500 3066 681 3125; x_wconf 83' lang='lat' dir='ltr'>Ulyssem</span> <span class='ocrx_word' id='word_1_508' title='bbox 711 3068 828 3109; x_wconf 90' lang='lat' dir='ltr'>animi</span> <span class='ocrx_word' id='word_1_509' title='bbox 858 3072 938 3109; x_wconf 87' lang='lat' dir='ltr'>tam</span> <span class='ocrx_word' id='word_1_510' title='bbox 969 3067 1125 3123; x_wconf 88' lang='lat' dir='ltr'>angusti</span> <span class='ocrx_word' id='word_1_511' title='bbox 1155 3072 1192 3109; x_wconf 92' lang='lat' dir='ltr'>et</span> <span class='ocrx_word' id='word_1_512' title='bbox 1219 3068 1353 3125; x_wconf 89' lang='lat' dir='ltr'>pusilli</span> <span class='ocrx_word' id='word_1_513' title='bbox 1378 3069 1636 3114; x_wconf 77' lang='lat' dir='ltr'>conferremus</span> <span class='ocrx_word' id='word_1_514' title='bbox 1667 3069 1935 3127; x_wconf 89' lang='lat' dir='ltr'>suspicionem.</span> 
     </span>
    </p>

    <p class='ocr_par' dir='ltr' id='par_1_4' title="bbox 273 3146 2710 3286">
     <span class='ocr_line' id='line_1_36' title="bbox 475 3146 2710 3208; baseline 0.001 -18"><span class='ocrx_word' id='word_1_515' title='bbox 475 3146 640 3191; x_wconf 87' lang='lat' dir='ltr'>Restant</span> <span class='ocrx_word' id='word_1_516' title='bbox 663 3146 746 3203; x_wconf 90' lang='lat' dir='ltr'>jam</span> <span class='ocrx_word' id='word_1_517' title='bbox 776 3161 911 3204; x_wconf 86' lang='lat' dir='ltr'>pauca,</span> <span class='ocrx_word' id='word_1_518' title='bbox 943 3161 1054 3203; x_wconf 86' lang='lat' dir='ltr'>quae,</span> <span class='ocrx_word' id='word_1_519' title='bbox 1085 3147 1156 3188; x_wconf 85' lang='lat' dir='ltr'>etsi</span> <span class='ocrx_word' id='word_1_520' title='bbox 1183 3161 1261 3190; x_wconf 92' lang='lat' dir='ltr'>non</span> <span class='ocrx_word' id='word_1_521' title='bbox 1290 3147 1456 3192; x_wconf 88' lang='lat' dir='ltr'>subsunt</span> <span class='ocrx_word' id='word_1_522' title='bbox 1484 3151 1574 3193; x_wconf 87' lang='lat' dir='ltr'>certi</span> <span class='ocrx_word' id='word_1_523' title='bbox 1604 3147 1773 3206; x_wconf 88' lang='lat' dir='ltr'>quidam,</span> <span class='ocrx_word' id='word_1_524' title='bbox 1802 3148 1932 3205; x_wconf 88' lang='lat' dir='ltr'>quales</span> <span class='ocrx_word' id='word_1_525' title='bbox 1962 3151 1999 3193; x_wconf 89' lang='lat' dir='ltr'>in</span> <span class='ocrx_word' id='word_1_526' title='bbox 2026 3146 2295 3208; x_wconf 85' lang='lat' dir='ltr'>superioribus</span> <span class='ocrx_word' id='word_1_527' title='bbox 2317 3147 2710 3206; x_wconf 87' lang='lat' dir='ltr'>deprehendebamus,</span> 
     </span>
     <span class='ocr_line' id='line_1_37' title="bbox 273 3224 2709 3286; baseline 0.001 -17"><span class='ocrx_word' id='word_1_528' title='bbox 273 3240 441 3278; x_wconf 88' lang='lat' dir='ltr'>errores,</span> <span class='ocrx_word' id='word_1_529' title='bbox 484 3241 584 3269; x_wconf 87' lang='lat' dir='ltr'>vana</span> <span class='ocrx_word' id='word_1_530' title='bbox 618 3231 746 3268; x_wconf 89' lang='lat' dir='ltr'>tamen</span> <span class='ocrx_word' id='word_1_531' title='bbox 783 3230 997 3268; x_wconf 92' lang='lat' dir='ltr'>commenta</span> <span class='ocrx_word' id='word_1_532' title='bbox 1028 3239 1112 3267; x_wconf 88' lang='lat' dir='ltr'>esse</span> <span class='ocrx_word' id='word_1_533' title='bbox 1143 3224 1200 3267; x_wconf 82' lang='lat' dir='ltr'>vel</span> <span class='ocrx_word' id='word_1_534' title='bbox 1231 3225 1304 3269; x_wconf 90' lang='lat' dir='ltr'>hoc</span> <span class='ocrx_word' id='word_1_535' title='bbox 1333 3235 1568 3286; x_wconf 87' lang='lat' dir='ltr'>arguuntur,</span> <span class='ocrx_word' id='word_1_536' title='bbox 1604 3226 1709 3286; x_wconf 88' lang='lat' dir='ltr'>quod</span> <span class='ocrx_word' id='word_1_537' title='bbox 1739 3228 1777 3269; x_wconf 93' lang='lat' dir='ltr'>in</span> <span class='ocrx_word' id='word_1_538' title='bbox 1806 3226 1931 3271; x_wconf 82' lang='lat' dir='ltr'>verbis</span> <span class='ocrx_word' id='word_1_539' title='bbox 1959 3235 2113 3286; x_wconf 89' lang='lat' dir='ltr'>poetae,</span> <span class='ocrx_word' id='word_1_540' title='bbox 2148 3242 2225 3285; x_wconf 92' lang='lat' dir='ltr'>quo</span> <span class='ocrx_word' id='word_1_541' title='bbox 2262 3226 2594 3279; x_wconf 87' lang='lat' dir='ltr'>commendentur,</span> <span class='ocrx_word' id='word_1_542' title='bbox 2630 3234 2709 3273; x_wconf 79' lang='lat' dir='ltr'>n‘on</span> 
     </span>
    </p>
   </div>
   <div class='ocr_carea' id='block_1_3' title="bbox 481 3395 2421 3445">
    <p class='ocr_par' dir='ltr' id='par_1_5' title="bbox 481 3395 2421 3445">
     <span class='ocr_line' id='line_1_38' title="bbox 481 3395 2421 3445; baseline 0.001 -14"><span class='ocrx_word' id='word_1_543' title='bbox 481 3395 513 3438; x_wconf 92' lang='lat'>¹)</span> <span class='ocrx_word' id='word_1_544' title='bbox 538 3399 588 3431; x_wconf 92' lang='lat' dir='ltr'>De</span> <span class='ocrx_word' id='word_1_545' title='bbox 612 3400 826 3440; x_wconf 77' lang='lat' dir='ltr'>praeconibus</span> <span class='ocrx_word' id='word_1_546' title='bbox 851 3411 883 3433; x_wconf 82' lang='lat' dir='ltr'>v.</span> <span class='ocrx_word' id='word_1_547' title='bbox 907 3401 1003 3434; x_wconf 84' lang='lat' dir='ltr'>Eust.</span> <span class='ocrx_word' id='word_1_548' title='bbox 1027 3411 1059 3442; x_wconf 88' lang='lat' dir='ltr'>p.</span> <span class='ocrx_word' id='word_1_549' title='bbox 1085 3395 1162 3439; x_wconf 82' lang='grc'>783,</span> <span class='ocrx_word' id='word_1_550' title='bbox 1187 3395 1232 3433; x_wconf 81' lang='grc'>32</span> <span class='ocrx_word' id='word_1_551' title='bbox 1257 3395 1291 3430; x_wconf 82' lang='grc' dir='ltr'>οἱ</span> <span class='ocrx_word' id='word_1_552' title='bbox 1314 3395 1356 3431; x_wconf 82' lang='grc' dir='ltr'>δὲ</span> <span class='ocrx_word' id='word_1_553' title='bbox 1370 3422 1407 3429; x_wconf 81' lang='grc'>-</span> <span class='ocrx_word' id='word_1_554' title='bbox 1421 3396 1641 3444; x_wconf 70' lang='grc' dir='ltr'><em>λαλήσωστνς</em></span> <span class='ocrx_word' id='word_1_555' title='bbox 1672 3407 1706 3435; x_wconf 86' lang='lat' dir='ltr'>et</span> <span class='ocrx_word' id='word_1_556' title='bbox 1728 3403 1827 3443; x_wconf 73' lang='lat' dir='ltr'>paulo</span> <span class='ocrx_word' id='word_1_557' title='bbox 1850 3409 1926 3436; x_wconf 73' lang='lat' dir='ltr'>ente</span> <span class='ocrx_word' id='word_1_558' title='bbox 1949 3398 1984 3434; x_wconf 76' lang='grc' dir='ltr'>οἱ</span> <span class='ocrx_word' id='word_1_559' title='bbox 2007 3396 2421 3445; x_wconf 71' lang='grc' dir='ltr'><em>κήρυκες-ἐλάλησανς</em></span> 
     </span>
    </p>
   </div>
  </div>
 </body>
</html>
