2950 3889
1496 313 1560 360 22

310 452 425 494 minis
452 455 503 502 A,
532 450 595 493 hie
622 453 675 507 (b)
705 452 885 494 carminis
913 454 953 492 B
980 459 1093 502 esset,
1122 455 1204 510 ipse
1233 453 1282 496 ab
1311 453 1584 511 interpolatore
1611 450 1775 493 demum·
1795 453 1962 493 insertus
1990 452 2106 496 fuerit
2133 455 2174 496 ‘m
2197 457 2257 496 A:
2285 434 2403 513 patet,
2432 454 2465 496 si
2493 449 2703 515 conjuncti
2719 464 2745 492 a

310 535 350 573 et
377 534 400 573 ὂ
426 543 529 572 nune
554 528 772 573 habeantur
801 532 923 580 in'A,
953 536 1161 588 utrumque
1189 534 1246 585 (et
1272 548 1297 574 a
1324 538 1362 574 et
1388 535 1440 584 b),
1469 532 1598 573 sinin
1625 532 1677 580 B,
1704 536 1806 572 certe
1833 544 1859 571 a
1886 543 1971 572 csse
1996 529 2270 576 adulterinum.
2325 530 2482 581 Restat,
2507 531 2550 572 in
2574 543 2659 587 quo
2683 541 2747 572 res

311 609 422 653 aliter
444 622 486 651 sc
530 607 681 658 habeat,
709 622 831 651 unum
850 608 1060 667 duplicium
1079 613 1340 652 recensionum
1369 623 1494 668 genus
1522 608 1572 651 ab
1599 611 1687 666 ipso
1718 612 1832 664 pocta
1861 605 2133 665 prosectarum,
2157 616 2292 657 natum
2320 625 2374 655 ex
2401 609 2578 654 binorum
2604 606 2746 651 eonsu-

310 690 429 738 sione,
458 700 625 745 quorum
647 685 884 730 alterutrum
906 695 1055 731 tantum
1086 703 1157 731 suo
1186 688 1270 731 loco
1298 694 1414 746 poeta
1439 687 1617 731 voluerat
1642 687 1806 729 recitari.
1862 684 1981 736 Nam,
2015 685 2120 744 quod
2156 686 2219 730 his
2254 687 2494 748 temporibus
2527 701 2603 732 usu
2629 682 2747 738 veuit,

309 766 350 809 id
373 766 456 822 jam
485 771 577 808 tunc
603 765 687 809 fieri
716 772 882 824 poterat.
910 774 956 810 ut
983 770 1064 825 ipse
1092 775 1206 825 poeta
1234 782 1306 824 pro
1335 766 1631 825 simplicioribus
1665 765 1726 808 vel
1748 767 1892 808 minus
1925 764 2040 807 bonis
2076 767 2327 810 exornatiora
2353 772 2490 826 postea
2524 766 2585 810 vel
2613 780 2742 811 emen·

310 844 462 888 datiora
491 844 755 888 substitueret.
814 846 998 889 Poterant
1025 852 1222 904 praeterea
1251 846 1346 889 baec
1374 846 1437 890 illa
1466 845 1688 889 auditorum
1717 846 1843 905 gratia
1873 843 2060 888 mutanda
2081 843 2225 895 videri,
2270 850 2315 888 ut
2347 845 2400 888 id.
2422 848 2589 898 mittam,
2635 844 2741 904 quod

309 924 542 983 quibusdam
570 926 611 967 in
640 931 804 968 mentem
833 928 948 977 venit,
972 927 1053 983 jam
1080 927 1248 984 primum
1283 926 1474 970 interdum
1503 928 1635 985 ipsum
1667 930 1820 985 poetam
1856 925 1896 967 in
1929 938 2009 966 uno
2044 923 2256 982 eodemque
2285 927 2452 969 carmine
2479 926 2674 980 (maxime
2700 927 2742 968 in

308 1003 684 1060 comparationibus)
713 1004 827 1061 plura
855 1004 1017 1055 dedisse,
1047 1007 1146 1045 inter
1175 1017 1286 1060 quae,
1313 1010 1433 1061 prout
1460 1005 1597 1062 cuique
1626 1003 1771 1054 liberet,
1799 1001 1984 1061 rhapsodi
2013 1002 2208 1061 eligerent.
2258 1001 2411 1045 Horum
2438 1004 2559 1060 igitur
2587 1004 2620 1046 si
2648 1001 2741 1061 quid

308 1080 449 1122 alieubi
477 1080 619 1123 factum
649 1088 719 1133 est,
748 1089 951 1139 utramque
979 1085 1236 1125 recensionem
1268 1087 1431 1140 apparet
1453 1073 1573 1142 aeque
1598 1095 1683 1125 esse
1709 1082 1933 1141 genuinum
1970 1085 2105 1124 contra
2141 1082 2180 1123 in
2213 1080 2393 1123 omnibus
2421 1080 2506 1124 aliis
2534 1080 2742 1139 generibus

308 1174 502 1202 summum
531 1174 622 1212 una,
651 1175 748 1218 quae
774 1164 942 1219 genuina
969 1163 1031 1212 sit,
1060 1161 1235 1210 habetur,
1265 1161 1384 1204 altera
1412 1174 1493 1204 non
1519 1168 1650 1219 potest
1676 1175 1755 1204 non
1784 1172 1867 1203 esse
1896 1161 2030 1217 spuria
2086 1159 2196 1204 Unde
2216 1161 2392 1217 sequitur
2419 1174 2498 1204 non
2526 1159 2741 1204 subsisten-

307 1239 402 1281 dum
429 1241 470 1281 in
497 1253 555 1289 eo,
583 1239 689 1295 quod
712 1240 1032 1283 Friedlaenderus
1059 1239 1157 1291 fecit,
1186 1246 1231 1282 ut
1249 1239 1435 1298 duplices,
1465 1254 1563 1297 quae
1584 1240 1798 1290 videantur,
1825 1237 2036 1281 eorumdem
2066 1238 2238 1281 locorum
2258 1241 2499 1282 recensiones
2520 1238 2742 1297 simpliciter

272 1352 277 1359 .
306 1322 496 1367 notemus,
525 1317 667 1361 sedeo
695 1315 785 1361 e‘sse'
807 1319 1146 1378 progrediendum,
1175 1325 1231 1369 ut,
1260 1319 1326 1363 ubi
1353 1319 1435 1363 fieri
1463 1321 1601 1378 possit,
1629 1318 1851 1363 definiatur:
1877 1319 2059 1376 primum,
2087 1332 2179 1361 num
2207 1325 2412 1377 utramque
2440 1318 2489 1363 ab
2517 1320 2602 1377 ipso
2624 1326 2739 1377 poeta

304 1402 476 1455 repetere
504 1395 617 1440 liceat
644 1412 781 1450 necne;
823 1397 980 1449 deinde,
1019 1400 1051 1441 si
1080 1413 1159 1441 non
1189 1398 1317 1450 liceat,
1346 1413 1439 1441 num
1468 1398 1551 1441 sola
1581 1397 1765 1442 alterutra
1804 1412 1853 1446 an
1882 1402 2049 1453 utraque
2078 1395 2292 1439 adulterina
2321 1396 2516 1449 videatur3
2564 1397 2738 1455 denique,

305 1476 338 1517 si
365 1474 473 1525 illud,
501 1481 603 1518 utra.
2538 1527 2546 1535 .

506 1554 590 1597 Hac
617 1557 739 1616 igitur
767 1558 915 1598 ratione
944 1558 977 1598 si
1006 1558 1046 1598 in
1074 1556 1264 1614 duplicem
1294 1556 1397 1598 illam
1426 1557 1683 1599 recensionem
1713 1556 1946 1613 inquiratur,
1991 1554 2107 1611 quam
2136 1567 2198 1596 vv·
2223 1553 2469 1600 464—469.
2499 1553 2738 1599 470—477

304 1632 626 1675 Friedlaenderus
656 1636 850 1692 agnoscit,
886 1626 1237 1677 demonstrabimus
1261 1635 1365 1691 jam,
1406 1635 1554 1677 etiamsi
1589 1635 1640 1676 sit
1668 1632 1813 1691 duplex
1842 1633 2026 1682 recensio,
2054 1637 2182 1675 tamen
2210 1645 2288 1675 non
2319 1647 2386 1676 eos
2412 1647 2566 1684 versus,
2596 1632 2738 1690 quibus

304 1724 377 1752 nos
405 1724 525 1768 supra
554 1713 615 1753 usi
644 1725 792 1763 sumus,
820 1696 1055 1763 aaa—469,
1085 1712 1153 1755 sed
1180 1714 1313 1770 potius
1343 1710 1484 1755 alteros
1512 1712 1641 1757 470-
1651 1710 1733 1755 477
1764 1708 1956 1769 putandos
1983 1724 2068 1753 esse
2097 1711 2272 1768 spurios3
2307 1709 2471 1755 fortasse
2508 1717 2634 1754 autem
2664 1710 2737 1754 du-

302 1788 438 1848 plicem
467 1791 727 1833 recensionem
756 1790 831 1833 hoc
860 1791 944 1834 loco
973 1806 1021 1833 ne
1049 1791 1183 1834 haberi
1204 1790 1378 1850 guidem,
1408 1791 1475 1834 scd
1505 1804 1697 1834 summum
1727 1789 1925 1849 vulgarem
1954 1789 2301 1847 interpolationem.
2538 1774 2541 1776 ³

505 1868 608 1918 Quid
636 1867 766 1911 enim?
821 1867 969 1910 Statuit
997 1868 1328 1920 Friedlaenderus,
1366 1871 1432 1927 qui
1460 1885 1520 1912 vv.
1550 1869 1772 1914 470-477
1808 1868 1956 1919 lecerit,
1991 1868 2096 1911 hunc
2125 1868 2352 1911 Phoenicem
2388 1882 2566 1912 narrasse
2601 1869 2649 1911 ab
2678 1871 2736 1919 iis,

301 1947 368 2005 qui
398 1961 420 1990 a
447 1952 559 2006 patre
587 1952 754 2000 starent,
799 1946 857 1991 vel
900 1949 1063 1991 rationis
1100 1949 1317 1993 reddendae
1360 1963 1477 1993 causa
1515 1948 1571 1992 vel
1614 1948 1664 1992 ad
1691 1962 1837 2007 poenas
1865 1953 2055 1993 retentum
2074 1949 2170 1991 *esse
2198 1947 2482 2005 persolvendas.
2542 1948 2736 1991 Ponamus

300 2026 411 2083 prius
439 2023 546 2068 illud.
605 2024 815 2075 Quaeritur
838 2026 933 2083 jam,
962 2029 1089 2070 utrius
1118 2027 1243 2071 delicti
1271 2027 1378 2071 illum
1407 2027 1599 2071 voluerint
1626 2029 1814 2071 rationem
1842 2014 2012 2071 reddere.
2071 2026 2185 2076 Quod
2223 2041 2308 2069 cum
2338 2026 2560 2070 muliercula
2595 2041 2737 2069 concu-

300 2102 476 2146 buisset?
532 2103 590 2146 At
623 2103 825 2148 manifesta
859 2120 923 2148 res
960 2112 1064 2157 erat,
1115 2112 1216 2149 certe
1252 2115 1363 2165 pater
1399 2106 1499 2150 mala
1527 2106 1606 2148 filio
1634 2108 1864 2165 imprecatus
1893 2121 1966 2164 pro
1995 2105 2197 2149 manifesta
2224 2105 2415 2148 habuerat
2442 2104 2733 2159 (453—456).

302 2181 428 2237 Ergo,
464 2181 571 2239 quod
606 2181 654 2225 de
688 2185 810 2239 patris
849 2184 1057 2241 parricidio
1094 2186 1368 2243 cogitavisset?
1424 2186 1480 2229 At
1516 2185 1715 2228 eonsilium
1752 2187 1879 2228 animo
1913 2191 2064 2228 tantum
2094 2187 2280 2243 agitatum
2309 2184 2413 2228 unde
2441 2183 2595 2227 tandem
2624 2190 2736 2242 pater

302 2260 620 2318 cognoverat¹)i’
662 2260 896 2304 Putemusne
925 2264 1044 2320 igitur
1071 2267 1203 2321 potius
1233 2264 1284 2307 ad
1312 2279 1457 2321 poenas
1486 2264 1591 2307 illum
1620 2264 1769 2308 dandas
1797 2264 1983 2307 retineri?
2033 2264 2112 2307 Sed
2132 2266 2331 2321 quaeritur
2358 2264 2509 2312 iterum,
2539 2262 2588 2304 ad
2610 2264 2735 2304 utrius

300 2337 475 2380 maleficii
503 2352 662 2395 poenas.
721 2338 932 2397 Stuprinei‘
987 2343 1044 2385 At
1071 2342 1147 2384 hoc
1174 2347 1286 2399 pater
1309 2342 1391 2398 jam
1421 2341 1679 2385 vindicaverat
1706 2340 1976 2397 (453—456).
2037 2341 2288 2384 Parricidium
2323 2343 2444 2401 iffl'tur
2481 2339 2588 2398 quod
2615 2339 2736 2383 medi-

300 2422 406 2460 tatus
434 2416 568 2460 esset?
625 2417 683 2460 At
710 2432 757 2460 ne
786 2418 860 2461 hoc
888 2421 1042 2477 quidem
1071 2420 1250 2464 credibile
1272 2427 1349 2469 est,
1378 2419 1687 2479 quandoquidem
1716 2435 1830 2464 nemo
1858 2421 1914 2463 rei
1942 2421 2117 2463 conscius
2146 2419 2298 2464 videtur
2326 2419 2508 2475 suisse2).

502 2497 684 2552 Apparet
711 2499 841 2553 igitur,
870 2499 902 2538 si
931 2498 978 2539 de
1007 2499 1168 2541 consilio
1197 2512 1343 2547 eorum,
1372 2501 1436 2554 qui
1465 2500 1694 2543 Phoenicem
1723 2500 1896 2542 clausum
1925 2505 2132 2542 tenuerunt
2159 2499 2428 2555 (mo-477),
2456 2506 2559 2540 recte
2588 2504 2735 2541 statuat

300 2574 635 2624 Friedlaenderus,
665 2574 761 2617 illud
789 2590 868 2617 non
895 2576 1020 2618 solum
1049 2590 1136 2618 eum
1165 2590 1226 2617 vv.
1254 2576 1487 2628 aaa—469,
1516 2578 1582 2621 sed
1611 2593 1660 2622 ne
1689 2593 1775 2621 cum
1804 2577 1952 2635 reliqua
1981 2575 2134 2634 quidem
2154 2578 2374 2619 narratione
2399 2578 2478 2630 (vv.
2493 2574 2733 2631 453-461)

297 2653 511 2703 convenire,
539 2642 658 2696 unde‘
673 2655 862 2711 sequitur,
892 2656 924 2696 si
951 2654 1129 2697 versibus
1153 2654 1388 2700 464—469.
1416 2656 1638 2702 470—477
1667 2656 1815 2715 duplex
1843 2654 2017 2713 ejusdem
2045 2653 2117 2698 loci
2142 2657 2314 2698 recensio
2343 2654 2544 2704 habeatur,
2573 2661 2614 2697 at
2643 2654 2733 2698 alie·

295 2744 369 2774 nos
397 2730 446 2774 ab
475 2731 548 2774 hae
574 2738 686 2791 parte
715 2747 795 2776 non
824 2735 1044 2790 superiores
1072 2732 1349 2777 existimandos
1377 2749 1472 2786 esse,
1499 2736 1736 2784 464-469.
1771 2736 1840 2779 sed
1867 2737 2000 2794 potius
2028 2734 2181 2783 alteros,
2209 2733 2446 2778 470-477.

499 2809 644 2854 Fateor
672 2818 800 2855 umen
830 2809 877 2854 de
907 2813 992 2870 ipso
1021 2812 1087 2856 tali
1117 2811 1278 2856 consilio
1307 2812 1547 2869 vehementer
1575 2829 1634 2859 me
1662 2814 1851 2857 dubitare.
1912 2816 2083 2857 Primum
2120 2815 2240 2863 enim,
2289 2815 2322 2855 si
2351 2811 2400 2854 ad
2428 2812 2616 2854 rationem
2644 2811 2732 2855 red-

295 2885 461 2932 dendam
488 2887 719 2935 Phoenicem
748 2889 802 2934 illi
833 2890 1015 2935 volebant
1041 2907 1233 2943 revocare,
1263 2907 1342 2943 cur,
1369 2908 1525 2950 quaeso,
1552 2908 1633 2937 non
1661 2891 1843 2944 fecerunt,
1879 2894 1947 2937 sed
1974 2895 2015 2936 in
2043 2892 2218 2936 futurum
2247 2888 2404 2949 aliquod
2433 2897 2584 2949 tempus
2612 2906 2732 2950 quae-

294 2968 456 3010 stionem
494 2966 648 3013 differre
685 2970 986 3026 malueruut⁸)?
1024 2970 1133 3014 ltem
1171 2973 1204 3014 si
1245 2971 1424 3014 ultimum<
1460 2972 1691 3031 supplicium
1729 2973 1777 3016 de
1814 2973 1984 3016 malefico
2028 2987 2178 3016 sumere
2224 2973 2349 3013 visum
2392 2976 2489 3020 erat,
2532 2985 2602 3013 eur
2641 2970 2730 3028 plus

500 3124 534 3171 ¹)
558 3131 741 3167 Consilium
764 3134 925 3169 nefarium
949 3146 969 3169 a
993 3136 1158 3169 Phoenice
1182 3146 1256 3168 cum
1279 3137 1350 3169 aliis
1371 3147 1435 3170 non
1459 3139 1735 3172 communicatum
1759 3140 1860 3172 fuisse
1896 3145 1930 3173 et
1961 3149 2019 3180 per
2054 3148 2089 3170 u
2125 3146 2223 3169 unum
2259 3136 2328 3167 veri
2364 3140 2414 3166 0⁸&
2447 3137 2551 3167 'imile
2588 3142 2621 3168 et
2654 3147 2730 3177 ΡΝ·

295 3190 365 3220 bari
387 3191 518 3222 videtur
540 3200 596 3223 vv.
620 3187 821 3224 459-4622
846 3188 939 3222 ἀλλά
962 3200 1035 3229 τις
1057 3188 1307 3222 ἀθανάτων
1333 3189 1463 3223 παῦσεν
1485 3188 1610 3238 χόλον,
1636 3191 1679 3233 ὅς
1698 3188 1729 3239 ῥ’
1759 3190 1810 3226 ἐνὶ
1835 3191 1943 3239 θυμῷ
1968 3191 1972 3237 Ι
1996 3189 2114 3237 δήμου
2140 3187 2229 3233 θῆκε
2253 3186 2361 3232 φάτιν
2385 3186 2440 3222 καὶ
2465 3187 2606 3224 ὀνείδεα
2634 3187 2729 3223 πόλλ’

295 3240 510 3286 ἀνθρώπων,
536 3244 542 3289 Ι
569 3244 623 3283 ὡς
643 3246 694 3291 μὴ
721 3246 956 3292 πατροφόνος
976 3244 1053 3290 μετ’
1075 3244 1265 3294 Ἀχαιοῖσιν
1291 3246 1491 3293 καλεοίμην.

501 3314 533 3355 ²)
558 3319 624 3349 vid.
648 3329 723 3351 ann.
754 3318 796 3356 ’).

502 3384 539 3425 ⁸)
564 3389 629 3419 vid.
653 3384 860 3421 470-477.
