2950 3889
1480 333 1542 383 26

290 477 362 526 uti.
391 474 532 532 quibus
560 473 701 531 pudori
729 474 825 516 satis
852 479 1094 531 parceretur:
1123 477 1260 520 scitote
1288 480 1421 536 igitur,
1450 491 1674 521 mansurum
1704 490 1764 518 me
1787 489 1883 524 οῦκ,
1910 475 1979 517 sed
2005 474 2116 518 nullo
2142 476 2456 520 cnmcommodo
2478 477 2728 529 Graecorum,

290 568 414 611 neque
441 555 540 597 enim
569 552 679 609 prius
707 567 740 595 e.
770 566 806 608 q.
838 567 868 594 s.
898 567 960 594 vv.
988 550 1224 599 eso—655.
1280 556 1440 608 Deinde,
1467 563 1513 599 ut
1538 555 1734 599 Achillem.
1755 553 1901 612 pudeat
1927 553 2193 606 confessionis,
2221 561 2263 599 at
2288 562 2443 615 poetam
2470 558 2552 599 n'on
2577 560 2733 614 poterat

290 631 434 701 pudere
462 633 542 673 sive
574 632 802 674 sententiam
830 628 962 672 subito
991 635 1178 674 mutatam
1207 633 1282 687 (cl'.
1309 635 1392 680 357
1421 649 1504 693 sqq.
1549 632 1632 680 393
1661 633 1770 691 sqq.)
1806 632 1887 675 sive
1922 631 2072 676 consilii
2106 632 2284 691 capiendi
2324 633 2636 678 accelerationem
2651 633 2730 688 (cs.

291 698 374 753 618
401 712 480 764 sq.)
515 712 651 765 paucis
685 722 873 751 excusare
910 708 969 748 vel
1010 714 1111 750 certe
1147 709 1278 777 aliqua
1315 713 1438 770 ipsius
1466 713 1522 754 rei
1551 711 1673 754 sactae
1700 708 1965 754 testificatione
1992 707 2214 752 auditorum
2244 710 2491 756 admirationi
2517 724 2731 756 occurrere

291 786 369 829 Sed
399 786 461 829 hic
491 801 646 844 quoque
675 787 722 829 de
750 801 942 844 responso
970 801 1136 844 prorsus
1165 789 1366 841 inopinato
1396 790 1493 834 silet.

491 864 653 908 Accedit
680 865 768 915 huc,
799 865 906 922 quod
935 865 1069 908 iisdem
1093 865 1268 909 versibus
1292 867 1515 914 650-655
1543 868 1717 919 efficitur,
1744 872 1789 910 ut
1812 867 1895 921 jam
1920 867 2003 909 sine
2025 864 2105 909 ulla
2122 879 2241 910 causa
2261 815 2368 924 apud
2389 867 2578 912 Achillem
2601 867 2731 912 Phoe-

290 946 357 983 nix
386 950 594 985 remaneat.
653 943 734 984 Cur
760 946 861 985 enim
891 943 995 985 hune
1023 943 1084 985 ille
1112 944 1331 989 retinebat?
1387 944 1546 1003 Nempe,
1575 951 1620 989 ut
1646 948 1698 997 is,
1726 946 1759 989 si
1785 946 1924 988 iterum
1951 957 1995 988 re
2022 941 2212 1002 postridie
2241 957 2433 1001 perpensa
2461 947 2500 989 in
2528 947 2731 1004 proposito

288 1028 461 1078 perstare
482 1021 702 1080 placuisset,
725 1023 806 1064 sine
823 1036 932 1064 mora
956 1036 1093 1066 navem
1115 1037 1244 1067 secum
1263 1023 1540 1069 conscenderet
1560 1025 1663 1079 (618
1677 1039 1732 1082 sq.
1755 1023 1800 1067 cf.
1819 1022 2057 1069 erl-429.
2079 1021 2338 1076 434-446).
2366 1022 2501 1080 Atqui,
2523 1025 2555 1066 si
2576 1025 2732 1081 genuini

287 1107 378 1141 sunt
413 1115 473 1141 vv.
503 1100 759 1150 650-655,
797 1100 893 1143 illud
936 1100 1156 1144 discedendi
1194 1102 1419 1152 consilium,
1447 1107 1655 1160 antequam
1693 1103 1807 1160 legati
1857 1100 2010 1150 abeunt,
2046 1100 2095 1143 ab
2124 1099 2275 1144 Achille
2304 1099 2495 1156 abjectum
2523 1106 2593 1142 est.
2652 1100 2733 1143 Cur

285 1180 404 1233 igitur
432 1184 560 1219 tamen
593 1178 769 1220 Phoenix
799 1183 971 1220 remanet
999 1192 1068 1220 nec
1095 1181 1228 1236 potius
1258 1193 1345 1222 eum
1375 1178 1450 1221 illis
1478 1180 1518 1221 in
1548 1179 1783 1225 Graecorum
1812 1185 1938 1222 castra
1965 1177 2096 1220 redit?
2154 1177 2315 1222 Dicesne
2350 1179 2473 1220 vereri
2503 1192 2591 1221 eum
2620 1178 2731 1236 Aga·

285 1258 500 1298 memnonis
529 1255 880 1312 reprehensionem,
911 1256 1017 1312 quod
1046 1259 1086 1299 in
1116 1256 1280 1299 Achillis
1303 1263 1441 1314 ,partes
1469 1272 1511 1299 se
1539 1258 1691 1301 traduci
1719 1271 1858 1316 passus
1885 1255 1970 1299 sit?
2016 1255 2098 1298 Sed
2119 1256 2345 1314 suppeditas
2365 1258 2420 1299 sic
2441 1255 2489 1298 de
2513 1262 2595 1305 tuo,
2624 1254 2729 1312 quod

285 1340 420 1390 poetae
462 1340 546 1376 erat
581 1333 840 1376 indicandum.
898 1334 949 1376 Ut
984 1341 1113 1377 tamen
1148 1335 1316 1392 largiar,
1361 1334 1419 1377 vel
1449 1337 1504 1378 sic
1531 1336 1627 1379 nihil
1656 1335 1835 1393 impedit,
1865 1335 2095 1390 quominus,
2125 1333 2218 1377 dum
2247 1334 2409 1392 Ulysses
2437 1341 2477 1377 et
2503 1335 2615 1391 Ajax
2643 1347 2728 1376 cum

284 1412 541 1469 praeconibus
570 1411 683 1467 (170.
715 1411 816 1467 689)
846 1414 886 1455 in
912 1414 1132 1472 principum
1162 1413 1363 1457 concilium
1391 1413 1552 1458 redeant
1579 1413 1652 1469 (89
1673 1429 1758 1473 sqq.
1786 1413 1880 1461 628.
1908 1411 2142 1459 669-671.
2171 1412 2266 1459 693.
2295 1413 2549 1466 fios—713),
2578 1415 2660 1472 ipse
2689 1415 2729 1456 in

286 1505 399 1532 suum
429 1493 639 1533 tentorium
668 1492 839 1534 cubitum
879 1506 920 1533 se
953 1491 1137 1534 conferat.
1192 1491 1292 1535 Nam
1322 1493 1630 1551 Agamemnonis
1667 1491 1949 1538 contubernalis
1988 1492 2070 1534 sine
2099 1490 2220 1534 dubio
2261 1505 2341 1534 non
2370 1493 2494 1548 magis
2524 1496 2583 1534 est
2610 1505 2726 1547 quam

287 1570 423 1625 reliqui
452 1584 644 1626 proceres,
673 1572 740 1627 qui
770 1576 862 1612 tunc
891 1569 998 1626 apud
1027 1570 1134 1612 illum
1165 1573 1391 1627 congregati
1420 1576 1513 1613 sunt
1541 1577 1594 1623 (v.
1621 1570 1704 1614 712
1733 1573 1824 1628 sq.).
1851 1568 1858 1576 '
1881 1568 1959 1613 Nec
1993 1579 2086 1611 vero
2114 1568 2279 1611 Achillis
2308 1569 2592 1622 contubernalis
2620 1568 2727 1611 vide-

287 1654 351 1687 tur
379 1662 476 1697 esse,
505 1650 573 1702 qui
602 1655 640 1690 et
668 1651 707 1690 in
736 1648 896 1690 concilio
921 1644 1139 1705 principum
1161 1648 1314 1690 affuerit
1342 1648 1443 1703 (168
1471 1648 1516 1692 cf.
1535 1648 1591 1694 89
1609 1650 1713 1706 sqq.)
1743 1654 1782 1691 et
1809 1650 1868 1691 cui
1898 1647 2002 1706 apud
2020 1646 2209 1690 Achillem
2239 1646 2360 1690 lectus
2384 1661 2463 1690 non
2485 1653 2646 1704 paratus
2667 1648 2728 1696 sit,

285 1725 351 1766 sed
382 1725 503 1781 hujus
532 1726 685 1767 demum
717 1727 835 1782 jussu
873 1732 965 1767 tunc
993 1731 1208 1776 sternatur,
1246 1728 1382 1782 ,quasi
1412 1732 1524 1769 antea
1551 1726 1642 1769 alibi
1672 1726 1814 1769 cubare
1841 1725 1977 1769 solitus
2011 1725 2138 1768 suerit‘
2166 1725 2266 1772 (620
2294 1739 2376 1782 sqq.
2419 1725 2645 1770 658-661
2681 1724 2726 1768 οἵ.

284 1803 377 1847 663.
406 1804 488 1847 666
506 1806 573 1857 ¹’).
620 1803 700 1845 Nec
728 1803 817 1859 plus
845 1802 1039 1861 proficias,
1068 1805 1100 1844 si
1129 1817 1217 1845 eum
1248 1804 1354 1860 apud
1382 1803 1574 1846 Achillem
1603 1810 1831 1862 pernoctare
1861 1803 1946 1847 ideo
1973 1803 2091 1854 dicas,
2122 1804 2213 1859 quia
2241 1804 2282 1845 in
2310 1800 2507 1860 posterum
2530 1803 2615 1860 ejus
2635 1817 2727 1861 par-

284 1889 342 1924 tes
370 1884 421 1924 sit
449 1889 673 1931 secuturus3
703 1881 742 1923 id
771 1882 890 1937 quod,
919 1883 1126 1937 quominus
1156 1896 1275 1938 porro
1305 1881 1406 1923 idem
1437 1895 1510 1922 suo
1539 1888 1674 1924 utatur
1701 1881 1967 1934 tabernaculo,
2005 1883 2158 1924 minime
2194 1881 2336 1925 obstat.
2394 1881 2638 1939 Quamquam
2669 1882 2726 1925 vel

286 1963 360 2003 hoe
383 1962 517 2003 inutile
545 1968 605 2007 est
630 1975 795 2019 ponere,
826 1963 917 2016 quia
947 1966 1080 2018 poeta,
1110 1962 1142 2001 si
1172 1961 1212 2001 id
1242 1961 1440 2010 voluisset,
1468 1974 1548 2002 non
1577 1961 1742 2004 debebat
1770 1961 1920 2004 silentio
1946 1961 2165 2019 praeterire.
2225 1960 2369 2004 Verum
2400 1962 2433 2003 is
2461 1959 2508 2004 de
2536 1959 2726 2004 Phoenice

284 2040 389 2096 apud
418 2039 608 2081 Achillem
636 2045 869 2089 remanente,
898 2053 1133 2097 quamquam
1163 2053 1233 2087 cur
1259 2044 1458 2082 remaneat
1485 2038 1581 2082 nihil
1615 2039 1698 2098 Jam
1728 2045 1788 2083 est
1828 2052 1986 2092 causae,
2014 2038 2127 2098 plane
2156 2039 2211 2083 sic
2238 2044 2372 2083 narrat
2400 2054 2461 2083 vv,
2492 2038 2727 2091 658-662,

285 2128 469 2174 tanquam
499 2126 589 2174 post
617 2134 674 2167 ea,
703 2133 802 2175 quae
824 2132 1054 2177 praegressa
1082 2120 1171 2169 sint,
1198 2119 1294 2159 nihil
1324 2118 1429 2160 aliud
1458 2123 1725 2177 exspectetur,
1755 2118 1830 2201 hoe
1858 2123 1927 2171 est,
1955 2122 2137 2177 tanquam
2166 2116 2414 2163 consiliorum
2435 2115 2598 2163 Achillis
2628 2118 2726 2163 inter

286 2200 370 2242 618
398 2213 473 2253 sq
486 2205 525 2237 et
552 2198 636 2240 658
664 2199 769 2237 nulla
798 2199 972 2238 inciderit
1001 2201 1175 2246 mutatio
1204 2212 1302 2256 quae
1332 2197 1466 2240 incidit
1494 2198 1678 2240 maxima.

491 2275 704 2317 Videamus
726 2276 821 2330 jam
852 2290 950 2332 quae
979 2290 1030 2317 ex
1059 2277 1121 2318 his
1151 2276 1331 2319 omnibus
1359 2290 1439 2318 non
1468 2280 1600 2334 potest
1626 2288 1706 2317 non
1736 2275 1828 2317 oriri
1857 2275 2025 2332 suspicio
2055 2288 2147 2317 num
2176 2273 2274 2317 sorte
2303 2274 2518 2332 legatorum
2540 2275 2726 2319 relatione

287 2355 547 2396 confirmetur.
607 2352 686 2396 Sed
717 2354 977 2410 quaerendum
1007 2361 1065 2398 est
1093 2357 1213 2414 prius,
1242 2354 1336 2413 quid
1365 2357 1402 2406 ii,
1431 2356 1464 2397 si
1492 2369 1555 2398 vv.
1580 2352 1724 2400 650-
1736 2354 1816 2399 655
1858 2354 1980 2412 ipsius
2009 2355 2086 2397 sint
2110 2359 2267 2412 poetae,
2295 2356 2521 2398 renunciare
2549 2355 2724 2399 debeant.

284 2436 397 2484 Nam,
426 2442 471 2475 ut
500 2447 605 2474 nunc
633 2439 703 2482 est,
732 2433 894 2476 Achillis
922 2448 1109 2492 responsa
1136 2450 1274 2493 parum
1305 2434 1377 2477 sibi
1407 2438 1598 2477 constant.
1643 2432 1720 2482 Qui
1748 2446 1867 2490 supra
1896 2431 2151 2484 (308—429)
2181 2447 2301 2489 quum
2330 2433 2405 2477 alia
2433 2434 2554 2477 multa
2582 2449 2725 2477 renun-

284 2514 377 2556 ciari
396 2511 573 2569 jubebat,
601 2516 685 2554 tum
716 2510 765 2554 ad
785 2500 948 2569 patriam
970 2528 1009 2556 se
1034 2514 1219 2572 postridie
1238 2513 1323 2557 vela
1345 2512 1529 2556 daturum
1558 2510 1800 2569 eundemque
1827 2510 1983 2569 reliquis
2012 2518 2056 2554 ut
2083 2526 2197 2555 suum
2225 2512 2445 2571 exemplum
2473 2519 2725 2570 sequerentur

284 2590 458 2634 suadere.
516 2589 650 2648 Atque
690 2592 728 2632 in
766 2590 840 2634 boc
874 2606 1060 2650 responso
1101 2596 1215 2637 etiam
1243 2598 1335 2651 post
1365 2592 1569 2635 Phoenicis
1605 2590 1818 2633 orationem
1847 2595 2007 2647 perstat,
2035 2593 2096 2634 cui
2126 2605 2247 2647 quum
2275 2591 2367 2634 dicit
2393 2590 2506 2634 οὗτοι
2535 2590 2571 2633 δ’
2603 2592 2724 2646 ἀγγε-

283 2670 420 2711 λέουσι
450 2672 512 2723 (v.
542 2668 672 2723 617),
710 2668 775 2710 illa
811 2670 895 2726 ipsa
930 2671 1123 2728 intelligit,
1159 2686 1258 2727 quae
1294 2677 1406 2713 antea
1442 2668 1693 2712 mandaverit.
1749 2665 1864 2714 Quod
1893 2666 2019 2718 addit,
2052 2667 2259 2711 redeantne
2289 2683 2339 2710 an
2368 2675 2558 2719 maneant,
2586 2668 2723 2720 idest,

283 2755 413 2790 utrum
444 2747 550 2805 qnod
581 2749 619 2789 in
641 2749 771 2789 animo
799 2747 978 2791 habuerit
1003 2749 1199 2806 perficiant
1224 2764 1354 2799 necne,
1383 2751 1523 2792 iterum
1554 2762 1594 2790 se
1623 2747 1749 2804 prima
1790 2743 1874 2787 luce
1913 2745 2100 2803 postridie
2146 2761 2230 2788 cum
2261 2747 2453 2790 Phoenice
2495 2746 2726 2790 deliberatu-

280 2842 380 2877 rum,
409 2826 484 2868 hoc
511 2841 591 2868 non
620 2831 701 2868 tam
730 2825 889 2883 reliquis
918 2825 1054 2882 legatis
1080 2827 1232 2870 videtur
1259 2827 1404 2870 dictum
1420 2826 1515 2870 velle
1531 2839 1647 2884 quam
1676 2822 1749 2866 soli
1778 2822 1845 2874 illi,
1870 2837 1983 2880 quem
2003 2826 2149 2867 insuas
2166 2827 2332 2868 traxerit
2347 2831 2478 2883 partes
2491 2829 2542 2880 2).
2581 2824 2722 2878 Quare,

284 2919 518 2961 quamquam
551 2904 608 2946 vel
637 2906 693 2946 sic
720 2904 881 2962 legatis,
910 2905 944 2945 si
974 2903 1145 2957 libuerit,
1183 2905 1309 2949 licebit
1336 2907 1450 2949 etiam
1480 2903 1528 2947 de
1557 2903 1711 2947 labante
1740 2900 1905 2945 Achillis
1934 2901 2094 2945 consilio
2122 2901 2341 2946 discedendi
2374 2901 2536 2953 referre,
2570 2917 2723 2947 necesse

281 2991 408 3027 tamen
428 2998 480 3026 ex
500 2989 638 3041 poetae
662 2985 814 3026 ratione
842 2996 922 3025 non
951 2988 1022 3034 est,
1049 2984 1164 3027 modo
1192 2999 1240 3027 ne
1267 2987 1321 3028 ita
1349 2984 1572 3041 loquantur,
1601 2983 1714 3040 quasi
1743 2978 1933 3023 Achillem
1963 2979 2120 3023 domum
2149 2981 2343 3024 abiturum
2373 2997 2456 3025 esse
2484 2984 2530 3025 iis
2558 2997 2722 3040 prorsus

282 3076 510 3119 persuasum
533 3063 593 3104 sit.
625 3060 799 3105 Utuntur
815 3066 943 3104 autem
967 3076 1009 3105 re
1035 3076 1124 3105 vera
1147 3062 1346 3120 ambiguae
1374 3064 1578 3120 potestatis
1608 3075 1692 3104 voc.
1717 3058 1934 3118 ἠπείλησεν
1955 3060 2010 3113 (v.
2027 3057 2141 3113 682),
2166 3057 2270 3116 quod
2291 3075 2368 3103 non
2385 3066 2524 3104 temere
2545 3064 2721 3119 posuisse

487 3269 517 3313 ¹)
543 3271 583 3304 ef.
611 3271 859 3304 Schoemannus
881 3273 921 3303 de
945 3272 1120 3304 reticentia
1139 3272 1273 3305 Homeri
1297 3269 1345 3311 (in
1369 3274 1435 3306 ind.
1455 3274 1558 3306 schol.
1583 3273 1672 3305 univ.
1698 3271 1879 3312 Gryphiav.
1903 3281 1931 3303 ι.
1957 3264 2200 3309 1853-1854)
2224 3281 2256 3312 p.
2283 3267 2333 3303 15.

483 3337 517 3378 ²)
542 3341 650 3372 Verba
683 3344 777 3372 nunt:
813 3333 916 3369 οὗτοι
950 3331 982 3367 δ’
1009 3332 1237 3379 ἀγγελέουσι,
1272 3335 1315 3369 σὺ
1341 3333 1371 3369 δ’
1395 3336 1526 3371 αὐτόθι
1548 3335 1654 3375 λέξεο
1678 3335 1818 3377 μίμνων
1842 3334 1848 3379 Ι
1876 3333 1963 3382 εὐνῇ
2001 3332 2052 3368 ἔνι
2076 3333 2230 3383 μαλακῇ·
2256 3334 2330 3379 ἅμα
2355 3334 2386 3369 δ’
2409 3337 2470 3383 ἠοῖ
2492 3338 2718 3384 φαινομένη-

275 3404 335 3437 φιν
360 3393 362 3431 ;“
392 3388 619 3436 φρασσόμεθ’
647 3390 669 3436 ἦ
696 3403 734 3425 ιε
760 3388 912 3433 νεώμεθ’
943 3387 997 3435 ἐφ’
1025 3387 1168 3437 ἡμέτερ’
1197 3389 1219 3437 ἦ
1244 3403 1283 3425 κε
1304 3393 1480 3435 μένωμεν.
