2950 3889
192 1626 325 1738 De
351 1672 653 1739 Homerieorum'
664 1696 874 1736 carminum
890 1696 1037 1751 origine
1050 1698 1089 1736 et
1102 1698 1378 1751 compositione
1391 1712 1507 1754 quam
1527 1693 1632 1739 Frid.
1650 1697 1756 1754 Aug.
1778 1692 1950 1737 wolfius'
1977 1694 2273 1737 celebratissimo
2293 1693 2599 1751 Prolegomenon

191 1775 289 1816 libro
313 1775 575 1831 quaestionem
596 1772 801 1824 inchoavit,
821 1789 904 1815 eam
932 1772 1048 1816 hodie
1074 1775 1173 1816 inter
1190 1775 1295 1817 viros
1314 1773 1449 1818 doctos
1463 1773 1540 1818 fere
1559 1779 1710 1818 constat
1724 1773 1772 1817 ab
1793 1774 2028 1831 argumentis
2050 1775 2204 1816 testium
2219 1771 2294 1816 fide
2315 1776 2354 1815 et
2374 1771 2599 1816 auctoritate

190 1856 294 1895 nixis
331 1859 548 1895 revocatam
583 1855 755 1910 ipsorum
792 1855 1003 1895 carminum
1029 1855 1351 1909 pervestigatione
1392 1870 1475 1898 esse
1504 1854 1785 1897 absolvendam.
1823 1852 1911 1896 Jam
1940 1855 2006 1910 qui
2034 1852 2108 1896 hac
2135 1855 2196 1895 via
2223 1854 2317 1896 inita
2343 1852 2492 1909 primus
2519 1866 2600 1894 non

192 1931 286 1973 baec
313 1930 378 1973 illa
404 1930 463 1973 vel
492 1933 591 1973 inter
618 1946 658 1973 se
686 1931 899 1988 pugnantia
923 1928 1191 1973 demonstrare
1212 1930 1273 1973 vel
1299 1935 1345 1974 nt
1371 1932 1504 1989 spuria
1531 1932 1666 1988 ejicere
1702 1931 1770 1975 sed
1796 1935 1918 1974 totam
1938 1929 2094 1974 Iliadem
2121 1929 2330 1974 dissolvere
2352 1934 2514 1973 conatus
2542 1934 2602 1973 est

191 2011 232 2051 in
251 2003 255 2009 ”
275 2009 425 2052 diversa
469 2008 531 2052 illa
577 2008 817 2052 diversorum
844 2013 1045 2066 poetarum
1075 2010 1254 2060 carmina,
1293 2025 1314 2053 e
1355 2009 1496 2067 quibus
1523 2025 1606 2054 eam
1635 2015 1805 2054 censeret
1827 2010 2091 2068 compositam,
2118 2007 2410 2052 Lachmannum
2432 2006 2473 2051 id
2501 2011 2602 2052 certe

192 2093 410 2131 assecutum
438 2102 533 2138 esse,
559 2092 605 2130 ut
632 2089 799 2131 carmina
827 2086 917 2130 olim
946 2086 1156 2145 singularia
1182 2086 1256 2132 sub
1285 2087 1359 2132 hac
1385 2087 1514 2132 Iliadis
1542 2103 1727 2147 compage
1753 2087 1872 2132 latere
1900 2085 2065 2132 efficeret
2093 2101 2215 2145 eaque
2233 2084 2360 2145 plura,
2390 2100 2506 2144 quam
2535 2098 2602 2131 su-

136 2212 144 2219 ,
191 2164 408 2222 perioribus
435 2164 659 2223 placuisset,
695 2164 770 2208 hoc
790 2163 855 2216 illi,
874 2165 947 2207 nisi
968 2167 1117 2208 animus
1137 2179 1249 2209 caeco
1261 2163 1404 2208 tradita
1424 2165 1676 2210 conservandi
1699 2166 1828 2209 studio
1842 2170 2031 2217 teneatur,
2046 2163 2166 2216 facile,
2187 2169 2233 2208 ut
2257 2167 2408 2223 opinor,
2424 2163 2601 2208 dabimus

192 2249 462 2301 acceptumque
475 2242 692 2286 referemus.
728 2243 808 2288 Sed
821 2244 972 2302 singula
989 2258 1181 2302 quaeque,
1201 2258 1300 2301 quae
1310 2245 1371 2286 vir
1391 2258 1565 2288 summus
1579 2246 1726 2296 statuit,
1741 2249 1786 2287 ut
1798 2244 1858 2287 vel
1869 2244 2039 2303 plurium
2057 2246 2277 2288 assensione
2293 2244 2601 2302 comprobentur,

191 2327 342 2365 tantum
363 2321 483 2373 abest,
508 2328 554 2364 ut
567 2337 648 2365 non
658 2321 782 2364 solum
798 2321 1005 2365 adversarii
1018 2325 1121 2366 omni
1137 2337 1211 2381 ope
1225 2327 1343 2380 atque
1359 2337 1478 2381 opera
1500 2325 1605 2366 enixi
1620 2317 1803 2367 andaciae
1817 2323 1901 2380 ejus
1924 2323 2076 2367 obviam
2091 2324 2239 2373 iverint,
2264 2320 2330 2365 sed
2356 2323 2470 2364 etiam
2484 2323 2602 2373 exiis,

194 2401 259 2456 qni
288 2401 410 2458 ipsius
439 2405 656 2458 sequuntur
683 2401 806 2458 signa,
834 2403 1040 2454 extiterint,
1069 2403 1135 2459 qui
1162 2400 1444 2459 disputationes
1466 2401 1551 2458 ejus
1572 2403 1711 2446 iterum
1727 2400 2016 2453 examinandas,
2044 2399 2313 2452 emendandas,
2339 2398 2600 2458 perficiendas,

192 2479 354 2536 denique
394 2493 544 2521 omnem
573 2481 834 2537 quaestionem
862 2482 923 2523 via
951 2480 1103 2537 quidem
1130 2486 1169 2523 et
1194 2479 1343 2523 ratione
1368 2480 1604 2523 Lachmanni
1641 2481 1819 2539 exemplo
1856 2481 2047 2524 illustrata
2099 2479 2381 2535 retractandam
2419 2479 2491 2522 sibi
2533 2495 2601 2523 su-

191 2563 349 2601 merent.
405 2557 477 2600 His
498 2571 588 2600 vero
618 2557 712 2616 quid
739 2560 981 2617 propositum
997 2558 1111 2601 suerit
1129 2572 1247 2617 quum
1275 2557 1377 2609 dixi,
1405 2557 1615 2617 significavi
1650 2557 1767 2610 idem,
1803 2573 1880 2616 quo
1914 2563 1997 2617 ipse
2033 2558 2192 2602 consilio
2227 2559 2463 2614 scripserim,
2501 2572 2599 2614 quae

192 2636 292 2681 infra
320 2636 368 2680 de
396 2636 420 2679 1.
453 2634 520 2678 lx.
547 2635 677 2679 Iliadis
704 2651 939 2696 proponam,
973 2637 1173 2696 desumpta
1216 2651 1261 2680 ea
1279 2651 1300 2680 e
1320 2638 1468 2696 majore
1488 2637 1765 2689 dissertatione,
1784 2652 1862 2695 qua
1895 2638 1933 2680 11.
1956 2637 2084 2680 iliadis
2113 2635 2328 2686 VIII-IX,
2368 2634 2595 2677 xl—xvn

192 2715 252 2757 vel
280 2713 411 2757 XVIII
453 2714 728 2772 complexurus
757 2730 853 2759 sum.
903 2716 936 2759 E
958 2717 1097 2774 quibus
1114 2716 1218 2773 quod
1238 2714 1485 2774 rhapsodiam
1508 2729 1650 2759 nonam
1679 2716 1788 2775 elegi,
1816 2716 1865 2759 de
1892 2731 1969 2774 qua
1996 2716 2071 2759 hac
2090 2716 2180 2758 data
2207 2716 2404 2757 occasione
2431 2728 2598 2772 agerem,

193 2792 261 2836 feci
288 2797 505 2851 propterea,
529 2792 638 2850 ‘quod
669 2808 690 2837 a
708 2793 955 2838 Lachmanno
984 2793 1144 2852 aliisque
1160 2793 1372 2853 neglectum
1393 2793 1567 2838 videbam
1591 2793 1730 2838 librum
1748 2796 1956 2837 maximam
1978 2799 2126 2852 partem
2148 2793 2246 2836 lectu
2259 2790 2597 2849 jucundissimum,

193 2871 357 2915 eundem
385 2887 477 2916 vero
513 2887 593 2916 non
622 2872 754 2916 leviter
788 2873 1146 2932 interpolationibus
1182 2875 1490 2925 contaminatum,
1523 2873 1662 2931 quibus
1697 2872 1918 2931 detegendis
1953 2878 1991 2917 et
2019 2875 2065 2916 iis
2100 2874 2165 2930 qui
2190 2871 2453 2915 oblectationis
2482 2886 2599 2916 causa

193 2948 404 2992 Homerum
434 2951 583 2994 adirent
610 2958 648 2994 et
674 2955 814 2995 criticis
843 2968 964 3010 acque
989 2958 1143 3011 gratum
1171 2968 1230 2995 me
1257 2952 1445 2995 facturum
1473 2951 1684 3008 sperabam.

392 3156 482 3202 Jam
506 3165 553 3204 ut
579 3162 702 3219 ipsam
730 3176 811 3205 rem
838 3161 1128 3221 aggrediamur,
1161 3162 1325 3204 maxime
1353 3158 1669 3217 interpolatorum
1698 3161 1957 3217 importunam
1986 3158 2226 3203 sedulitatem
2256 3161 2421 3203 sensisse
2444 3160 2599 3204 videtur

194 3235 396 3279 Phoenicis
424 3239 550 3281 oratio
578 3238 682 3292 (434
710 3241 826 3298 sqq.)‚
855 3256 969 3298 quam
990 3240 1141 3285 duabus
1168 3237 1365 3283 levandam
1394 3237 1640 3290 censebimus,
1668 3253 1766 3295 quae
1794 3239 1934 3289 insunt,
1963 3236 2262 3290 narrationibus,
2286 3252 2452 3296 quarum
2480 3239 2600 3283 altera

194 3314 242 3359 de
271 3330 342 3359 sua
372 3331 392 3360 e
418 3317 544 3374 patria
572 3317 667 3377 suga
693 3322 857 3378 exponit
884 3320 1072 3396 Phoenix,
1101 3319 1219 3365 altera
1238 3317 1285 3363 de
1314 3317 1508 3376 Meleagro
1537 3319 1594 3361 ira
1622 3315 1816 3375 quondam
1850 3315 2077 3375 implacabili
2112 3322 2238 3376 capto.
2296 3317 2420 3378 Cujus
2449 3325 2599 3364 senten‘

2309 3399 2327 3442 1
