2950 3889
1338 338 1399 387 2⁷

151 481 509 545 poeta-Diomedis
523 477 880 524 verbadoeumento
891 486 1003 524 sunt:
1025 478 1109 525 ἀλλ’
1124 480 1152 542 ἢ
1168 484 1379 524 τοικεῖνον
1391 481 1472 539 μὲν
1486 480 1681 540 ἐάσομεν,
1710 482 1739 539 ἤ
1766 497 1852 525 κεν
1880 481 2010 542 ἴῃσιν
2036 482 2063 542 ἦ
2091 499 2146 527 κε
2170 484 2301 544 μένῃ
2320 485 2375 538 (ν.
2392 481 2470 526 701
2492 484 2585 539 sq.).

147 554 234 608 len
260 555 494 619 vero‘quod'
515 573 577 602 vv.
605 558 830 606 eoo-655
856 561 1073 604 renunciari
1101 559 1272 604 Achilles
1295 559 1430 617 jubet,
1458 559 1508 604 ab
1537 562 1606 612 iis,
1634 574 1734 619 quae
1762 559 1864 604 idem
1892 573 2012 618 supra
2040 559 2088 604 de
2114 560 2352 619 profectione
2379 574 2457 604 sue
2483 559 2587 604 dixit

148 654 323 698 quaeque
342 635 634 696 'inde-pendent
660 637 971 694 (Am-⁴20),
990 637 1294 682 diversissimum
1321 644 1380 682 est
1408 653 1453 682 ac
1472 652 1522 682 ne
1539 643 1638 682 'cum
1665 653 1726 682 vv.
1745 636 1990 685 618—619
2018 638 2169 695 quidem
2203 642 2401 691 convenit,
2443 638 2585 697 qubus

149 724 281 762 utrum
309 702 496 761 abiturus
508 722 616 763 esset
642 731 691 760 an
719 728 927 760 mansums
955 717 996 759 in
1024 714 1159 760 medio
1178 716 1375 775 reliquerit
1399 716 1590 769 Achilles,
1626 715 1696 761 sed
1723 731 1844 760 unum
1873 718 1912 761 in
1941 730 2030 760 eum
2058 717 2170 771 cadit,
2203 719 2264 762 cui
2293 723 2438 763 certum
2466 719 2518 761 sit
2544 717 2585 760 in

150 795 307 841 Troade
335 805 523 859 manere.⁴

349 873 579 932 Intelligitur
607 882 747 924 autem,
780 875 814 917 si
842 873 891 916 ab
919 874 994 918 illis
1022 891 1102 919 non
1130 875 1480 933 solumi-epulum
1509 891 1550 918 se
1577 876 1713 918 tulisse
1741 880 1960 920 summatim
1989 875 2161 926 indicari,
2188 877 2254 920 sed
2284 879 2398 920 etiam
2426 876 2583 934 singule

146 957 420 1011 responsorum
449 951 620 1000 Achillis
639 954 766 1010 capita
794 954 1085 996 commemorari
1111 953 1312 1010 placuerit,
1340 956 1515 1012 inprimis
1543 954 1630 1011 ejus
1656 957 1836 1011 responsi
1865 957 2055 997 rationem
2084 954 2299 998 habendam
2328 955 2431 1006 sore,
2479 969 2582 1011 quo-

147 1048 239 1077 cum
261 1031 432 1074 Achilles
458 1046 526 1074 eos
555 1031 742 1074 dimiserit
768 1031 1030 1084 (650-655
1044 1036 1072 1083 ).
1128 1030 1229 1074 Nam
1257 1033 1300 1073 si.
1318 1032 1433 1090 plura
1461 1033 1642 1090 deinceps
1676 1036 1776 1076 inter
1803 1049 1845 1076 se
1872 1036 2132 1091 repugnantia
2160 1035 2219 1077 vel
2249 1035 2492 1092 disputamus
2519 1034 2579 1076 vel

144 1110 341 1168 jubanus,
377 1111 571 1167 posterius
601 1109 781 1166 quidque,
809 1114 856 1150 ut
882 1110 1041 1166 opinor,
1077 1114 1206 1150 ratum
1245 1123 1330 1151 esse
1366 1108 1563 1158 volumus,
1601 1113 1803 1168 superiora
1840 1126 2017 1168 quaeque
2055 1114 2177 1154 irrita.
2234 1113 2322 1155 Jam
2358 1112 2453 1169 quid
2479 1112 2582 1154 infra

146 1189 246 1244 (677
275 1190 398 1246 sqq),
437 1190 504 1245 qui
529 1187 758 1246 legationem
786 1188 998 1237 renunciat,
1028 1186 1219 1244 Ulysses?
1274 1186 1375 1229 lllud
1408 1189 1534 1245 ipsum
1573 1191 1767 1247 posterius
1794 1204 2027 1248 responsum
2061 1190 2176 1248 plane
2203 1193 2352 1242 reticet,
2387 1190 2506 1234 refert
2531 1190 2581 1234 de

146 1267 229 1310 solo
257 1267 388 1324 priore
418 1264 666 1321 (308—429
675 1266 707 1318 ),
735 1264 782 1307 de
811 1265 887 1307 hoc
916 1270 1044 1307 autem
1073 1266 1376 1308 accuratissime:
1421 1264 1512 1308 Non
1553 1265 1744 1323 deponere
1771 1266 1961 1310 Achillem
1989 1270 2106 1315 iram,
2152 1267 2220 1310 sed
2248 1269 2580 1326 Agamemnonem

146 1344 459 1401 conditionesque
492 1343 580 1399 ejus
616 1345 815 1400 aspernari
851 1344 1059 1400 ipsumque
1087 1342 1324 1386 Graecorum
1354 1342 1470 1386 saluti
1499 1343 1697 1386 consulere
1721 1344 1858 1401 jubere
1896 1345 2004 1401 (678
2031 1360 2089 1403 sq.
2130 1345 2215 1392 680
2241 1361 2298 1404 sq.
2334 1346 2381 1390 εἴ.
2409 1345 2494 1392 346
2521 1361 2581 1403 sq.

144 1424 408 1478 423—425);
437 1421 687 1466 denunciasse
712 1421 847 1477 (adeo)
869 1423 909 1464 in
932 1431 1132 1480 posterum
1161 1422 1262 1466 diem
1287 1422 1499 1466 discessum
1528 1437 1643 1466 suum
1670 1422 1905 1482 reliquisque
1934 1440 1977 1468 se
2006 1424 2169 1487 suaderq
2197 1425 2344 1469 dixisse
2370 1433 2417 1469 nt
2442 1432 2480 1469 et
2505 1427 2581 1484 ipsi

144 1503 302 1545 domum
320 1501 477 1552 abeant3
495 1516 619 1558 neque
639 1502 739 1543 enim
756 1500 839 1556 jam
856 1499 981 1557 Troja
1002 1500 1172 1544 Graecos
1191 1516 1276 1543 esse
1294 1502 1491 1558 potituros
1520 1501 1622 1556 (684
1642 1517 1725 1559 sqq.
1757 1502 1802 1544 cf.
1822 1502 1905 1548 356
1927 1519 2013 1560 sqq.
2049 1493 2134 1547 417
2156 1505 2271 1561 sqq.).
2326 1504 2582 1547 Continentur

145 1582 215 1624 his·
233 1583 387 1623 revera
404 1581 616 1637 superioris
644 1580 821 1635 responsi
849 1591 1042 1625 summae,
1072 1580 1104 1621 si
1134 1593 1179 1621 ea
1207 1579 1435 1636 excipimus,
1464 1579 1606 1636 quibus
1629 1579 1802 1623 Achilles
1825 1581 2095 1624 contumeliam
2123 1587 2317 1639 acceptam
2346 1587 2581 1638 conquestus

144 1663 203 1700 est
230 1657 484 1712 (316—343.
513 1655 753 1705 367—370)
782 1661 822 1698 et
841 1654 1025 1712 perfidiae
1048 1656 1308 1713 impudentiae
1326 1648 1538 1700 dementiae
1557 1657 1888 1714 Agamemnonem
1908 1661 2100 1701 incusavit
2121 1660 2221 1714 (344
2240 1675 2298 1716 sq.
2328 1659 2579 1713 370—377).

145 1737 320 1786 Quorum
350 1734 456 1793 quod
484 1735 713 1776 mentionem
743 1748 821 1776 non
849 1732 940 1776 facit
960 1733 1122 1791 Ulysses
1151 1733 1380 1778 verecundia
1409 1750 1496 1777 eum
1517 1734 1607 1778 duci
1627 1741 1744 1794 patet.
1801 1736 1858 1778 At
1885 1751 1976 1779 vero
2005 1739 2043 1779 in
2073 1739 2139 1788 iis,
2176 1753 2276 1794 quae
2303 1737 2439 1788 refert,
2473 1740 2577 1780 omni

144 1820 312 1857 mutatae
340 1819 476 1872 postea
504 1814 714 1855 sententiae
742 1814 1103 1855 commemoratione
1131 1815 1276 1856 omissa
1303 1805 1416 1871 quid,
1454 1829 1618 1871 quaeso,
1647 1797 1720 1857 sibi
1749 1813 1902 1857 volunt:
1933 1816 2001 1857 καὶ
2030 1814 2066 1857 δ’
2097 1815 2149 1858 ἂν
2176 1819 2264 1862 τοῖς
2290 1814 2465 1858 ἄλλοισιν
2494 1814 2579 1875 ἔφη

143 1889 529 1950 παραμυθήσασθαι
552 1890 558 1947 Ι
582 1888 712 1933 οἴκαδ’
742 1889 988 1939 ἀποπλείειν,
1018 1889 1107 1934 ἐπεὶ
1135 1890 1270 1934 οὐκέτι
1298 1888 1420 1942 δήετε
1445 1890 1611 1950 τέκμωρ
1630 1891 1638 1948 Ι
1658 1888 1767 1934 Ἰλίου
1792 1891 1986 1952 αἰπεινῆς·
2012 1893 2125 1949 μάλα
2147 1894 2230 1951 γάρ
2259 1891 2361 1937 ἑθεν
2390 1893 2579 1951 εὐρύοπα

144 1970 256 2017 Ζεύς·
283 1971 307 2027 Ι
313 1972 442 2029 χεῖρα
470 1969 544 2028 ἑὴν
572 1967 792 2027 ὑπερέσχε,
823 1968 1106 2026 τεθαρσήκασι
1134 1968 1183 2012 δὲ
1210 1969 1322 2013 λαοί.Δ
1348 1967 1651 2032 (684-687ὶὶ)
1707 1969 1816 2019 Quae
1844 1970 1988 2014 nullius
2016 1974 2198 2015 momenti
2227 1979 2336 2021 sunt,
2370 1978 2578 2029 postquam

142 2053 224 2106 ipse
254 2048 426 2092 Achilles
455 2047 502 2092 de
529 2046 782 2104 relinquendo
811 2050 983 2092 exercitu
1012 2064 1053 2091 se
1081 2064 1159 2092 non
1185 2049 1267 2104 jam
1296 2049 1467 2104 cogitare
1493 2063 1555 2091 W.
1584 2048 1807 2094 650—655
1835 2050 2074 2105 significavit.
2123 2050 2382 2094 Nihilominus
2404 2050 2500 2094 baec
2519 2051 2580 2094 di-

143 2114 305 2186 ligenter
330 2127 543 2179 renunciat,
571 2125 680 2179 illud,
710 2124 817 2183 quod
844 2125 966 2170 multo
996 2126 1156 2183 majoris
1184 2133 1244 2170 est
1272 2127 1465 2178 momenti,
1494 2124 1602 2183 quod
1628 2127 1764 2183 utique
1792 2125 1905 2172 (lebet
1932 2130 2170 2180 renunciare,
2198 2134 2301 2173 tacet
2316 2129 2381 2183 ¹)!

348 2204 707 2249 Demonstrabimus
733 2205 827 2262 jam,
855 2221 904 2249 ne
933 2204 1027 2262 quid
1055 2204 1274 2264 neglexisse
1303 2204 1522 2255 videamur,
1547 2202 1694 2248 frustra
1721 2203 1920 2248 laborasse
1948 2213 2095 2250 veteres
2123 2215 2224 2250 certe
2246 2232 2304 2241 --
2331 2224 2422 2251 nam
2449 2223 2581 2252 recen-

143 2289 261 2329 tiores
289 2301 370 2328 rem
400 2287 469 2327 vix
496 2288 717 2342 tanguam)
742 2292 860 2326 -—‘'ut
887 2283 1066 2341 Ulyssem
1087 2277 1247 2327 'minora
1273 2285 1583 2333 renunciantem,
1602 2285 1756 2340 potiora
1785 2286 2000 2327 reticentem
2028 2292 2271 2329 excusarent.
2328 2287 2479 2330 Etenim
2511 2287 2580 2329 ad-

144 2368 258 2409 vertit
285 2366 379 2409 haec
405 2379 470 2407 res
492 2359 578 2422 jam
606 2362 870 2410 ἐνστατικοὺς
893 2363 1185 2408 Alexandrinos
1197 2365 1258 2418 ⁸);
1297 2365 1366 2420 qui
1402 2377 1636 2420 quamquam
1672 2374 1947 2420 saepenumero
1976 2365 2014 2406 in
2042 2366 2189 2408 otiosas
2216 2372 2255 2408 et
2283 2363 2433 2423 ineptas
2461 2380 2581 2423 quae·

144 2444 355 2486 stiunculas
384 2442 612 2493 inciderunt,
641 2444 679 2484 in
708 2441 771 2484 illa
800 2447 927 2484 tamen
957 2441 1110 2500 Ulyssis
1137 2441 1324 2484 relatione
1351 2455 1430 2482 non
1459 2441 1601 2498 injuria
1630 2441 1854 2493 haeserunt3
1888 2442 2005 2484 modo
2044 2456 2092 2484 ne
2125 2442 2277 2485 λυτικοὶ
2304 2458 2463 2502 operam
2490 2458 2580 2502 per-

144 2521 351 2566 didissent!
407 2523 464 2565 At
491 2527 584 2564 sunt
612 2536 711 2578 quas
739 2520 915 2564 homines
945 2520 1088 2563 acutuli
1117 2520 1330 2563 attulerunt
1357 2521 1628 2562 excusationes
1656 2511 1771 2577 longe
1797 2519 1984 2577 plurimae
2013 2520 2206 2564 absurdae
2234 2528 2273 2564 et
2298 2522 2477 2580 pueriles,
2505 2522 2578 2566 sal·

144 2616 209 2642 sae
238 2600 288 2642 ad
317 2615 434 2643 unam
461 2608 607 2642 omnes.
666 2599 727 2641 Ac
755 2599 937 2641 latissime
967 2598 1122 2655 quidem
1151 2603 1258 2655 patet
1285 2598 1381 2640 haec
1407 2600 1526 2647 ratio,
1563 2604 1608 2639 ut
1635 2597 1811 2654 Ulyssem
1852 2596 1982 2638 dicant
2017 2597 2099 2640 sola
2137 2613 2182 2640 ea
2210 2600 2284 2642 sibi
2311 2601 2573 2643 renuncianda

193 2776 197 2780 -
351 2747 383 2792 ¹)
404 2753 490 2785 Nolo
514 2753 549 2784 in
572 2752 709 2784 eandem
728 2754 856 2792 partem
869 2751 930 2783 ¹uti
952 2750 1224 2791 praecedentibus
1243 2760 1301 2781 vv.
1324 2744 1393 2781 682
1417 2759 1478 2790 eq„
1500 2750 1578 2790 quis
1609 2754 1740 2790 propter
1763 2748 1949 2788 legatorum
1980 2759 2099 2789 unum,
2133 2749 2346 2791 Phoenicem,
2378 2753 2420 2783 ab
2443 2752 2575 2784 Achille

145 2809 233 2849 apud
255 2818 291 2841 se
310 2813 476 2842 retentum
497 2809 532 2842 id
555 2809 684 2850 quidem
707 2817 773 2839 non
795 2807 917 2840 licebat
938 2807 1037 2847 plene
1059 2807 1191 2839 silentio
1215 2808 1401 2848 praeterire,
1424 2807 1588 2839 Achillem
1609 2807 1702 2838 initio
1724 2806 1865 2838 reditum
1888 2806 1922 2837 in
1947 2807 2090 2848 petriam
2120 2807 2228 2839 animo
2252 2808 2406 2848 agitasse.
2454 2809 2501 2840 At
2523 2808 2575 2840 vi·

144 2859 250 2897 dimne
284 2866 348 2898 hoo
372 2867 497 2907 ipsum,
531 2867 618 2907 quod
653 2866 785 2907 abiecto
817 2865 858 2897 ab
882 2865 940 2896 illo
971 2859 1158 2896 discedendi
1190 2866 1326 2896 consilio
1357 2864 1567 2896 nihilominus
1599 2863 1749 2895 Phoenix
1781 2865 1870 2903 apud
1904 2873 1978 2895 eum
2009 2866 2185 2902 remanat,
2221 2874 2392 2905 perperam
2424 2875 2446 2897 s
2469 2870 2570 2907 poete

145 2933 218 2957 esse
237 2925 437 2957 institutum.

353 2990 389 3032 ²)
412 2992 565 3034 mynia-
584 2989 731 3030 (observ.
752 2993 795 3024 sd
817 3002 852 3023 v.
874 2986 953 3023 678.
975 2991 1018 3030 V,
1042 3001 1075 3031 p.
1097 2985 1183 3028 686)
1205 2991 1326 3032 quibus
1349 2989 1576 3030 gravissimam
1599 2989 1814 3021 offensionem
1836 2998 1988 3021 amovere
2012 2990 2125 3022 studet
2146 2987 2267 3029 (Auis,
2291 2991 2410 3032 inquit,
2433 3003 2456 3025 ο
2472 2998 2575 3035 poen

141 3049 286 3091 postndet,
309 3055 345 3083 ut
366 3049 492 3093 ὡραῖα
513 3050 629 3082 ὄιον-κω
651 3054 802 3082 accurate
823 3049 957 3091 repetita
991 3052 1022 3080 et
1050 3052 1177 3081 recocta
1200 3051 1361 3090 apponat,
1392 3055 1470 3093 quac
1490 3056 1573 3078 mc
1593 3056 1654 3088 per
1675 3050 1821 3079 eamr-am
1842 3056 2018 3078 memorare
2042 3046 2123 3080 aa&
2144 3043 2261 3085 eratff)
2292 3048 2333 3081 iis
2364 3049 2447 3082 nihil
2477 3051 2578 3084 docet

146 3108 209 3140 uisi
230 3108 294 3149 ipsi
317 3113 443 3142 statum
465 3117 583 3142 ausae
605 3118 721 3150 parum
744 3104 909 3149 cognitum
932 3106 1043 3139 fuisse.
1089 3106 1196 3139 Multo
1218 3105 1341 3138 rectius
1366 3103 1575 3146 judicabant,
1607 3113 1688 3145 quoe
1708 3104 1765 3136 ille
1789 3104 1911 3143 irridet,
1937 3098 2141 3133 ἐνστατεκοί
2160 3103 2263 3146 (apud
2286 3105 2517 3149 Porphyrium,
2542 3119 2576 3141 v.

145 3165 249 3197 schol.
271 3165 303 3197 B
324 3167 368 3198 sd
388 3175 422 3198 v.
445 3159 549 3203 688»
574 3159 788 3207 προεβλήθη
812 3159 889 3203 οὖν,
914 3161 991 3198 πῶς
1012 3161 1078 3194 τοῦ
1094 3155 1283 3205 Ἀχιλλέως
1306 3159 1382 3195 τοῖς
1403 3154 1496 3200 πρὸς
1515 3155 1626 3190 αὐτὸν
1650 3155 1800 3190 ἐλθοῦσι
1831 3154 2008 3200 πρέσβεσι
2031 3155 2163 3202 ταύτην
2194 3156 2404 3199 δεδωκότος
2424 3160 2577 3206 ἀπόφα-

146 3216 284 3262 σινῚού
307 3215 380 3263 γὰρ
405 3215 645 3264 πρὶν-νῆας·
664 3216 816 3252 ἱκέσθαι·
841 3215 935 3262 ἀμφὶ
956 3214 997 3250 δέ
1020 3213 1342 3268 τοι-σχήσεσθαι
1364 3210 1446 3247 ὀΐω(
1478 3210 1701 3254 (650-655)
1716 3208 1920 3251 Ὀδυσσεὺς
1941 3211 2183 3257 ἐρωτώμενος
2212 3213 2257 3249 τὰ
2288 3214 2371 3261 περὶ
2394 3219 2463 3263 τῆς
2484 3229 2580 3264 ¹3⁰⁸-

146 3272 278 3315 σβείας
294 3277 404 3308 τοῦτο
427 3273 494 3316 μὲν
518 3271 565 3308 οὔ
587 3285 710 3321 φησιν,
735 3273 825 3308 ἀλλὰ
850 3274 891 3308 τὸ
916 3273 1044 3313 ,αὐτὸς
1065 3270 1095 3307 δ’
1119 3271 1308 3319 ἠπείλησεν
1333 3267 1388 3313 ἅμ’
1410 3271 1473 3316 ἠοῖ
1502 3270 1746 3315 φαινομένηφι
1772 3272 1862 3314 νῆας
1886 3268 2112 3311 ἐυσσέλμους
2135 3268 2238 3304 ἅλαδ’
2264 3271 2413 3315 ἑλκέμεν
2437 3275 2579 3320 ἀμφιε-

148 3327 299 3378 λίσσας-ἧ·
327 3330 729 3377 παραπρεσβείας
755 3331 847 3377 γάρ
881 3331 982 3366 ἐστι
1017 3330 1067 3365 τὸ
1102 3330 1161 3377 μὴ
1193 3327 1367 3376 τάληθῆ
1399 3325 1733 3371 ἀπαγγέλλειν.

355 3401 394 3445 ⁸)
420 3416 453 3436 v.
478 3405 580 3437 schol.
604 3404 631 3437 B
656 3405 700 3437 sd
717 3399 797 3438 683.
821 3404 863 3438 cf.
888 3404 1001 3438 Lebrs.
1025 3404 1127 3437 Arist.
1150 3413 1183 3445 p.
1207 3397 1398 3436 200-229.
1430 3400 1540 3434 Wolfli
1564 3399 1691 3441 Proleg.
1717 3410 1748 3441 p.
1774 3399 1905 3433 CXCV.
