2950 3889
1465 270 1525 318 12

269 410 482 462 Quaeritur
523 418 651 459 autem
695 411 885 471 inprimis,
922 416 1055 454 utrum
1079 412 1164 470 jam
1203 414 1370 471 primum
1415 411 1554 456 Graeci
1595 411 1636 454 in
1679 408 1779 454 bello
1815 408 1975 456 fratrem
1992 412 2200 458 Althaeae
2249 412 2417 457 occisum
2459 407 2710 460 crediderint,

270 505 320 533 an
359 490 418 533 vel
464 493 503 533 in
549 493 635 548 ipsa
681 492 884 534 venatione
945 490 1004 533 vel
1048 492 1233 533 continuo
1283 496 1375 549 post
1420 503 1516 533 eam.
1600 487 1702 532 Nam
1756 488 1865 547 qued
1918 502 1991 533 nos
2038 490 2226 536 hamnus
2275 494 2437 552 propter
2484 489 2709 533 universum

271 569 345 611 loci
379 584 523 612 nexum
559 572 671 626 prius
714 575 938 610 constanter
972 571 1200 619 statuimus,
1246 583 1349 612 nunc
1383 570 1513 613 soluto
1548 568 1625 612 hoe
1658 581 1786 619 nexu,
1823 567 2002 626 quando,
2054 583 2144 621 mr,
2185 565 2712 630 quomodofflumpoeiim

267 647 501 704 perhibitum
545 647 662 690 fuerit
703 647 817 705 plane
860 649 1013 705 integra
1047 653 1108 690 est
1143 650 1339 704 quaestio;
1384 661 1484 704 quae
1518 648 1552 689 si
1586 645 1670 689 fieri
1711 647 1858 704 possit,
1902 645 2002 690 adeo
2035 647 2176 692 debere
2214 648 2368 695 videtur
2408 645 2570 695 intitul,
2602 642 2712 701 ¹2⁸¹&

267 724 363 768 illud
409 727 538 782 ipsum
583 725 724 769 bellum
760 728 802 769 in
845 728 1149 769 controversiam
1188 728 1294 768 venit
1328 740 1422 768 num
1457 727 1699 768 venationem
1732 723 1992 783 Calydoniam
2025 732 2066 768 et
2106 741 2207 784 qnae
2247 727 2335 771 inde
2380 730 2473 768 nata
2516 728 2626 765 sunt
2650 720 2711 764 di·

268 802 387 846 scidia
416 805 598 859 attigerit.
656 804 778 847 Posse
806 809 934 846 autem
962 817 1044 845 rem
1071 803 1266 861 probabili
1296 810 1396 846 certe
1424 803 1646 859 conjectura
1679 802 1855 862 expediri
1888 818 1970 846 non
1997 811 2058 847 est
2091 818 2161 847 cur
2188 805 2450 863 desperemus,
2486 797 2592 858 quod
2630 811 2709 841 ¹1⁰³

267 882 394 926 solum
423 897 523 939 quae
552 881 659 939 apud
688 881 785 925 alios
810 880 858 924 de
886 880 1074 940 Meleagri
1103 881 1222 924 rebus
1250 886 1516 930 memorantur
1544 880 1741 934 adhibere,
1769 881 1839 926 sed
1866 884 1982 926 etiam
2000 884 2120 927 mirae
2144 882 2247 926 illius
2268 881 2410 926 indicio
2431 879 2604 939 caliginis
2624 883 2710 921 tan·

266 974 384 1017 quam
411 959 509 1002 duce
538 962 596 1002 uti
624 960 722 1012 licet,
750 975 849 1017 quae
877 962 918 1003 in
945 960 1164 1003 Homericis
1195 960 1300 1003 velut
1327 946 1455 1016 dedita
1483 974 1604 1018 opera
1637 960 1871 1019 quibusdam
1906 959 2035 1003 offusa
2062 966 2132 1003 est.
2192 961 2400 1005 Meministi
2433 952 2546 1003 enins
2569 956 2711 1000 obseu-

264 1041 379 1079 ritate
401 1042 443 1079 in
467 1052 528 1079 vv.
558 1038 641 1081 533
658 1061 695 1070 -
711 1038 807 1081 549.
835 1040 1074 1083 557-572
1102 1039 1281 1092 laborare
1311 1039 1410 1090 du03
1438 1052 1519 1080 non
1547 1051 1737 1098 apparere
1764 1040 1946 1098 primum,
1974 1038 2174 1098 quomodo
2203 1054 2227 1081 a
2255 1039 2344 1082 rixa
2370 1037 2419 1082 dc
2445 1035 2709 1094 exuviisapri

265 1123 353 1158 orta
401 1117 452 1158 ad
498 1117 638 1159 bellum
686 1124 725 1157 et
768 1119 1100 1174 oppugnationem
1131 1117 1344 1174 Calydonis
1379 1123 1609 1174 perventum
1638 1119 1702 1168 sit,
1729 1116 1880 1168 deinde,
1909 1130 2009 1174 quae
2037 1118 2140 1158 ratio
2170 1117 2286 1160 fuerit
2312 1116 2445 1160 fratris
2469 1114 2659 1159 Althaeae
2686 1128 2710 1156 a

265 1194 466 1253 Meleagro
491 1197 616 1236 occisi.
670 1194 881 1237 Videamus
905 1196 1001 1252 jam,
1031 1208 1130 1252 quae
1159 1194 1208 1236 de
1236 1193 1297 1235 his
1326 1195 1444 1237 rebus
1473 1194 1522 1237 ab
1544 1194 1628 1238 aliis
1659 1196 1864 1239 memoriae
1892 1193 2050 1252 prodita
2077 1201 2181 1246 sunt,
2210 1209 2338 1239 nonne
2366 1193 2465 1237 forte
2493 1191 2542 1235 ab
2572 1189 2707 1234 iisdem

264 1273 372 1329 ipsae
399 1286 539 1315 causae
567 1273 688 1330 repeti
716 1274 882 1330 possint,
912 1287 981 1315 cur
1008 1272 1094 1316 illae
1123 1271 1349 1316 Homericae
1377 1274 1614 1317 narrationis
1640 1279 1772 1332 partes
1801 1275 1897 1317 atris
1926 1273 2010 1315 istis
2038 1271 2206 1316 tenebris
2235 1274 2313 1316 sint
2341 1270 2546 1315 involutae.

469 1349 679 1392 Primariae
717 1342 839 1408 igitur
867 1351 988 1407 hujus
1017 1350 1191 1400 fabulae,
1226 1360 1272 1393 ut
1307 1354 1362 1394 ita
1396 1351 1542 1402 dicam,
1579 1350 1726 1395 formae
1755 1351 2052 1410 distinguendae
2081 1360 2173 1393 sunt
2201 1354 2242 1393 in
2270 1352 2343 1394 hac
2372 1352 2595 1408 quaestione
2622 1356 2710 1391 tres.

265 1428 350 1473 Una
379 1443 500 1486 eaque
530 1431 701 1472 omnium
732 1429 824 1472 olim
854 1429 1133 1488 vulgatissima,
1161 1430 1372 1488 Euripidis,
1401 1438 1447 1474 ut
1475 1430 1638 1482 videtur,
1668 1430 1865 1489 Meleagro
1893 1430 2101 1481 illustrata,
2143 1430 2237 1473 haec
2264 1438 2334 1481 est,
2364 1445 2414 1472 ex
2445 1443 2520 1487 qua
2548 1434 2708 1487 propter

263 1509 503 1558 Atalantam,
536 1508 816 1551 nobilissimam
846 1509 949 1552 illam
979 1512 1209 1552 venatricem
1238 1510 1469 1560 Arcadiam,
1517 1525 1616 1568 qnae
1658 1510 1736 1562 fere
1780 1525 1867 1553 cum
1914 1509 2134 1553 fortissimis
2176 1510 2394 1568 quibusque
2439 1510 2524 1566 eJus
2572 1508 2707 1550 aetatis

263 1588 449 1632 heroibus
478 1590 672 1631 venationi
702 1588 930 1640 interfuerit,
952 1592 1145 1650 contentio
1176 1590 1222 1631 de
1252 1592 1336 1646 apri
1361 1592 1513 1632 exuviis
1541 1596 1680 1633 exorta
1701 1605 1785 1633 esse
1813 1590 2051 1648 perhibetur,
2080 1596 2124 1631 ut
2152 1596 2279 1632 tamen
2301 1588 2441 1632 bellum
2470 1590 2568 1630 inter
2588 1586 2704 1629 l'leu-

262 1668 395 1710 ronios
432 1673 471 1710 et
501 1666 741 1725 Calydonios
768 1675 921 1725 gestum
958 1670 1009 1711 sit
1035 1667 1196 1711 nullum.
1254 1666 1366 1712 Hanc
1393 1670 1514 1727 igitur
1539 1670 1605 1726 qui
1633 1671 1903 1726 sequuntur')
1934 1668 2172 1727 Meleagrum
2201 1669 2362 1712 tradunt
2388 1682 2520 1711 amore
2543 1665 2708 1710 Atalan-

261 1752 323 1788 tae
352 1750 510 1803 captum
538 1745 678 1803 pellem
707 1761 795 1789 cum
824 1749 947 1804 eapite
975 1749 1074 1805 apri,
1102 1748 1318 1804 praemium
1358 1746 1432 1789 sibi
1467 1745 1658 1796 debitum,
1698 1746 1751 1789 illi
1788 1749 2040 1799 concessisse3
2076 1749 2136 1789 cui
2174 1762 2294 1804 quum
2330 1746 2519 1790 Althaeae
2556 1744 2706 1796 fratres,

260 1824 411 1867 Thestii
442 1827 544 1882 regis
566 1824 865 1867 Pleuroniorum
897 1825 964 1867 lilii
992 1851 1047 1857 —
1076 1825 1208 1882 plures
1238 1828 1339 1866 enim
1374 1833 1726 1867 commemorantur
1761 1849 1812 1858 ——
1851 1826 1995 1868 invidia
2030 1827 2172 1868 incensi
2208 1825 2345 1883 pellem
2383 1824 2443 1867 vel
2476 1826 2707 1881 eripuissent

259 1901 319 1943 vel
348 1904 495 1960 eripere
524 1902 750 1953 voluissent,
781 1918 804 1945 a
833 1902 1034 1963 Meleagro
1064 1918 1131 1946 eos
1161 1911 1230 1947 aut
1258 1917 1393 1946 omnes
1427 1908 1496 1946 aut
1530 1904 1680 1960 partem
1709 1904 1859 1946 occisos
1888 1917 1983 1948 esse.
2041 1903 2197 1948 Rursus
2226 1902 2435 1946 Althaeam
2464 1907 2623 1946 matrem
2656 1901 2705 1946 ad

260 1981 414 2024 caedem
443 1981 607 2026 fratrum
638 1981 975 2026 dilectissimorum
1005 1982 1262 2027 ulciscendam
1301 1984 1475 2026 titionem
1517 1981 1639 2034 illum,
1683 1982 1750 2040 qui
1784 1981 1916 2040 quoad
1949 1981 2150 2027 incolumis
2185 1981 2286 2026 foret
2327 1984 2366 2026 in
2403 1982 2502 2025 vivis
2533 1980 2705 2026 futurum

259 2058 380 2102 filium
411 2046 636 2104 cecinissent
666 2060 821 2112 Parcae,
862 2060 1066 2120 diligenter
1099 2064 1211 2121 prius
1246 2068 1488 2106 asservatum
1524 2075 1806 2112 concremasse,
1842 2075 1928 2104 cum
1957 2065 2082 2118 ecque
2114 2063 2237 2120 ipsius
2273 2061 2459 2120 Meleagri
2494 2063 2706 2104 extinxisse
2728 2072 2738 2082 “

260 2141 378 2182 vitam
391 2143 444 2193 ²).
495 2139 528 2183 E
558 2139 699 2197 quibus
728 2146 859 2182 utrum
888 2141 927 2182 in
956 2142 1041 2198 ipsa
1069 2142 1270 2183 venatione
1293 2140 1444 2184 Thestii
1478 2140 1547 2183 filii
1575 2140 1757 2198 injuriam
1777 2139 1986 2188 Atalantae
2012 2139 2156 2184 illatam
2185 2147 2309 2183 morte
2336 2139 2479 2183 luerint
2520 2155 2570 2183 an
2613 2155 2705 2183 con·

260 2221 370 2261 tinuo
399 2225 493 2276 post
520 2235 617 2271 eam,
647 2219 753 2276 apud
783 2218 879 2262 alios
907 2234 1047 2276 pamm
1075 2219 1208 2276 liquet,
1239 2222 1339 2263 inter
1367 2220 1464 2264 alios
1492 2220 1683 2264 dissensio
1711 2226 1784 2262 est.
1840 2219 1926 2262 Hoc
1954 2226 2121 2270 constat,
2165 2234 2244 2260 non
2285 2218 2384 2260 bello
2412 2219 2499 2261 illos
2528 2221 2704 2270 interimi,

260 2300 405 2355 quippe
436 2298 543 2354 quod
569 2301 728 2341 omnino
757 2297 873 2340 fuerit
899 2297 1062 2340 nullum.

461 2376 599 2420 Altera
638 2376 789 2420 fabulae
825 2375 949 2418 forma
985 2391 1031 2419 ea
1065 2383 1139 2427 est,
1179 2393 1231 2419 ex
1257 2392 1335 2434 qua
1364 2376 1665 2419 Pleuroniorum
1702 2382 1741 2417 et
1769 2375 2076 2432 Calydoniorum
2106 2376 2247 2419 bellum
2276 2378 2516 2418 venationem
2545 2379 2702 2434 excipit,

260 2455 448 2499 Atalanta
478 2464 628 2503 contra,
657 2457 729 2498 etsi
756 2453 922 2497 forsitan
951 2458 1050 2497 inter
1078 2463 1281 2498 venatores
1311 2455 1431 2497 fuisse
1459 2461 1631 2512 putetur,
1659 2454 1709 2496 ad
1737 2469 1818 2497 rem
1848 2462 1976 2498 tamen
2001 2456 2148 2498 nullius
2176 2463 2235 2499 est
2262 2456 2456 2498 momenti.
2514 2455 2705 2511 Congruit

258 2536 379 2592 igitur
407 2535 472 2578 illa
492 2535 681 2578 hactenus
696 2550 780 2577 cum
799 2533 1003 2577 Homerico
1031 2534 1129 2578 loco.
1174 2534 1313 2577 Testes
1336 2535 1421 2590 ejus
1450 2540 1545 2576 sunt
1562 2531 1747 2590 Apollod.
1780 2533 1807 2583 Ι,
1830 2548 1851 2576 c
1870 2533 1910 2584 8,
1929 2534 1955 2579 3
1977 2536 2033 2590 (in
2060 2537 2274 2591 posteriore
2301 2539 2448 2576 narrat.
2477 2533 2517 2575 οἱ
2545 2532 2594 2575 δέ
2623 2549 2700 2591 φα-

259 2612 795 2673 σιν-ἀπωρνεώϋησαν),
839 2611 1030 2657 Nicander
1068 2612 1173 2671 apud
1202 2615 1390 2657 Antonin.
1420 2612 1548 2656 Liber.
1585 2610 1662 2655 fab.
1693 2612 1732 2663 2,
1769 2611 1982 2657 Pausanias
2010 2612 2061 2656 X.
2091 2613 2158 2664 3¹,
2187 2614 2226 2659 3.
2272 2611 2418 2655 Schub.
2458 2617 2496 2654 et
2524 2610 2653 2655 Walz.
2665 2613 2704 2668 ⁸)

258 2690 348 2733 Jam
378 2690 604 2742 Pausanias,
634 2691 742 2749 quod
772 2690 850 2734 huc
877 2694 1076 2749 pertineat,
1105 2692 1200 2736 nihil
1229 2692 1342 2735 docet
1369 2694 1443 2734 nisi
1472 2691 1667 2734 Eoearum
1696 2697 1735 2734 et
1762 2691 1960 2750 Minyadis
1989 2698 2169 2736 auctores
2194 2690 2433 2748 Meleagrum
2461 2691 2519 2746 (in
2553 2692 2703 2748 pugna)

260 2767 394 2811 fecisse
424 2769 472 2811 ab
501 2770 684 2827 Apolline
714 2770 848 2820 occidi,
880 2773 945 2827 qui
973 2767 1068 2814 deus
1099 2773 1163 2825 (in
1202 2770 1299 2813 bello
1337 2778 1473 2814 contra
1503 2769 1667 2813 Aetolos
1702 2772 1908 2829 suscepto)
1939 2770 2146 2814 Curetibus
2185 2769 2349 2812 adesset.
2410 2768 2527 2812 i'lura
2561 2769 2704 2813 habent

257 2845 399 2903 reliqui
428 2846 529 2898 du0;
566 2863 734 2904 quorum
763 2849 1030 2906 Apollodorus
1066 2866 1223 2894 causam
1254 2850 1470 2894 discordiae
1506 2851 1608 2892 hanc
1643 2848 1774 2899 affert,
1809 2850 1915 2907 quod
1943 2850 2096 2893 Thestii
2124 2849 2193 2891 filii
2221 2847 2367 2904 iphiclo
2380 2848 2430 2902 ⁴),
2459 2850 2525 2904 qui
2553 2850 2702 2905 primus

469 2997 499 3037 ¹)
522 2998 647 3032 Scholl.
680 3000 773 3032 ABD
798 3001 893 3033 adil
924 3002 950 3041 1,
989 2998 1066 3034 5⁴28.
1116 3004 1269 3044 Apollod.
1306 3003 1337 3042 1,
1362 2998 1396 3042 8,
1420 2999 1452 3041 2,
1477 2997 1509 3034 3.
1546 3003 1581 3033 in
1622 3002 1729 3043 priore
1773 3009 1894 3036 narrat.
1926 2998 2116 3044 (ἐγέννησε
2153 2996 2196 3030 δὲ
2220 3019 2264 3024 —-—
2290 2993 2465 3041 ἐξαίφνης
2495 2995 2701 3039 ἀπέθανεν).

257 3057 367 3089 Schol.
392 3060 434 3089 ad
460 3059 564 3090 Arist.
588 3058 672 3090 Ran.
701 3053 790 3091 ¹238
814 3059 913 3092 Dind.
958 3056 1066 3098 (1236
1089 3062 1194 3095 Bekk.
1245 3057 1335 3095 1269
1359 3055 1505 3101 Kuesn).
1530 3060 1657 3101 Hygini
1681 3059 1747 3092 fab.
1775 3056 1851 3093 174.
1890 3061 2044 3094 Lutatius
2067 3060 2123 3092 vel
2147 3059 2339 3091 Lactantius
2360 3057 2402 3089 ad
2425 3057 2510 3091 stat.
2535 3058 2636 3091 Theb.
2663 3059 2704 3099 11,

256 3109 334 3146 481.
368 3116 540 3157 Mythogr.
566 3116 644 3148 vat.
670 3119 721 3148 ed.
745 3117 828 3149 Bod.
851 3118 877 3156 1,
905 3114 979 3150 ¹46.
1011 3120 1052 3158 11,
1081 3116 1158 3151 144.
1192 3119 1290 3151 Ovid.
1314 3113 1394 3151 Met.
1419 3119 1511 3165 Vlll.
1535 3113 1748 3148 270-545.
1783 3118 1978 3151 Lactantius
2001 3119 2155 3149 Placidus
2180 3116 2271 3147 vul.
2294 3111 2328 3145 4.
2359 3114 2456 3147 Diod.
2480 3116 2544 3148 Sic.
2567 3117 2626 3157 IV,
2644 3113 2692 3150 34

462 3171 496 3210 ’1
522 3174 720 3214 Omisimus,
752 3184 837 3215 quae
867 3176 948 3206 nihil
969 3177 1013 3208 ad
1037 3187 1104 3209 rem
1128 3177 1286 3209 facerent.
1334 3177 1383 3209 De
1419 3178 1535 3208 mortis
1566 3185 1703 3216 genere,
1734 3186 1798 3216 qua
1821 3177 1987 3216 Meleager
2011 3177 2162 3218 perierit,
2187 3174 2351 3205 Diodorus
2376 3172 2440 3205 Sic.
2464 3174 2593 3206 diversa
2617 3176 2703 3207 tradi

255 3231 366 3262 refert.
414 3232 508 3264 Prior
531 3233 603 3274 ejus
628 3233 775 3264 narratio
799 3232 841 3264 ab
866 3232 933 3264 illis
957 3234 1118 3274 dissentit,
1143 3235 1249 3273 alters
1273 3235 1447 3268 consentit.

462 3287 495 3327 ⁸)
521 3291 727 3331 Phrynichus
752 3292 786 3322 in
812 3291 992 3323 Pleuroniis
1016 3295 1177 3332 quomodo
1201 3303 1268 3324 rem
1294 3294 1487 3325 tractaverit
1511 3301 1624 3333 parum
1650 3293 1764 3332 liquet.
1789 3293 1832 3324 cf.
1858 3297 1965 3325 tamen
1991 3292 2154 3324 Welcker.
2177 3292 2300 3331 griech.
2324 3295 2409 3331 trag.
2435 3291 2459 3322 1.
2486 3301 2516 3332 p.
2537 3286 2581 3324 21
2609 3301 2656 3333 sq.

462 3343 495 3386 ⁴)
519 3347 640 3380 Utrum
663 3348 791 3381 Thestii
813 3349 881 3380 filio
904 3349 953 3380 illi
976 3359 1018 3380 an
1044 3350 1198 3382 Herculis
1223 3351 1328 3390 fratri,
1355 3353 1542 3391 ambigitur.
1575 3361 1607 3380 v.
1634 3350 1757 3390 Heynii
1781 3352 1821 3382 ad
1846 3352 1998 3391 Apollod.
2023 3352 2153 3382 observ.
2177 3359 2210 3389 p.
2233 3344 2288 3379 50.
