2950 3889
1470 262 1529 311 16

282 403 418 448 suisset
454 404 604 462 quidem
633 403 792 453 docens,
823 402 892 445 sed
920 403 1075 446 duobus
1101 405 1161 446 his
1188 404 1312 447 verbis
1340 405 1597 462 κασιγνήτοιο
1623 404 1770 461 φόνοιο
1800 404 1918 458 (567)
1954 419 2034 448 rem
2072 407 2299 463 transigens.
2357 402 2486 446 Tanto
2523 403 2719 461 copiosius

282 489 430 533 contra,
443 497 521 540 quo
538 481 757 524 auditorum
776 483 849 523 ista
870 481 1128 538 cognoscendi
1145 481 1375 524 desiderium
1397 481 1640 533 obtunderet,
1661 484 1964 525 exsecrationem
1986 486 2120 526 matris
2141 482 2380 526 describebat
2401 483 2478 535 (vv.
2495 480 2712 526 568-571

283 561 342 605 vel
360 561 472 614 572).
520 560 620 603 Hinc
647 562 768 618 igitur
798 561 917 602 mirae
945 559 1031 603 illae
1054 559 1243 610 tenebrae,
1272 573 1370 618 quae
1394 559 1484 602 huic
1502 562 1737 604 narrationis
1762 562 1862 620 parti
1890 561 2080 606 obductae
2103 569 2205 606 sunt,
2253 561 2360 612 Quae
2381 560 2535 619 quidem
2560 562 2594 603 si
2620 565 2721 603 recte

284 644 500 691 statuimus,
529 655 579 683 ex
609 640 743 684 iisdem
772 639 1012 697 intelligitur,
1043 655 1123 690 cur,
1153 638 1347 696 quomodo
1378 654 1400 681 a
1429 641 1517 681 rixa
1545 642 1766 682 venantium
1797 645 1848 696 (v.
1878 641 1979 695 547)
2009 641 2059 684 ad
2088 642 2228 685 bellum
2257 649 2482 700 perventum
2511 641 2581 691 sit,
2613 639 2719 682 velut

284 720 460 764 consulto
490 735 513 763 a
540 726 657 777 poeta
685 718 863 762 celemur.
922 718 1038 768 Quod
1076 718 1214 761 bellum
1258 731 1376 774 quum
1423 732 1512 774 per,
1533 732 1573 760 se
1617 719 1840 775 proximum
1870 724 1972 761 esset
2013 728 2234 778 susceptum
2272 720 2419 779 fingere
2454 727 2615 778 propter
2643 718 2722 760 Cu-

285 804 409 842 retum
440 799 574 841 ducem
604 797 664 840 vel
692 799 731 841 in
762 799 847 856 ipsa
877 800 1076 840 venatione
1105 796 1163 839 vel
1193 798 1376 839 continuo
1404 802 1496 853 post
1523 795 1781 847 intersectum,
1824 796 1944 853 hujus
1980 804 2106 841 tamen
2138 802 2192 842 rei
2231 802 2285 843 ita
2328 802 2556 842 mentionem
2598 797 2721 840 facere

285 880 537 920 constituerat
564 882 693 934 poeta,
722 884 766 918 ut
792 877 852 918 ille
883 876 1001 918 videri
1030 883 1161 932 posset
1188 878 1288 917 inter
1315 877 1643 932 oppugnationem
1674 875 1827 917 demum
1849 875 2062 933 Calydonis
2092 880 2241 920 occisus
2275 893 2370 921 esse.
2426 877 2515 920 Non
2550 875 2721 919 restabat

283 959 401 1013 igitur
431 955 518 1005 alia,
545 970 644 1011 quae
675 955 896 1003 afferretur,
931 954 1017 996 belli
1053 968 1179 995 causa.
1236 953 1360 1002 Quam
1399 955 1634 995 comminisci
1670 968 1789 1010 quum
1827 960 1941 1010 poeta
1987 961 2056 996 aut
2096 963 2292 999 vereretur
2330 963 2397 999 aut
2424 955 2633 998 meditandi
2662 953 2719 996 la·

280 1035 412 1077 horem
441 1034 594 1091 fugiens
622 1034 751 1084 nollet,
780 1048 929 1075 omnem
958 1048 1050 1081 rem,
1079 1039 1123 1073 ut
1149 1031 1291 1074 sactum
1321 1032 1507 1082 videmus,
1530 1032 1681 1074 silentio
1710 1032 1783 1074 sibi
1813 1031 1924 1089 plane
1954 1035 2273 1090 praetereundam
2302 1035 2429 1078 duxit.

487 1112 692 1162 Quaeris
675 1128 756 1168 Jam
787 1111 963 1160 sortasse,
992 1111 1078 1152 licet
1106 1113 1202 1167 ipsa,
1232 1125 1331 1167 quae
1360 1127 1423 1157 vv.
1449 1111 1686 1156 529—532.
1715 1110 1948 1156 550—556.
1973 1112 2196 1159 573-599
2218 1120 2438 1164 narrantur,
2467 1126 2552 1155 cum
2575 1110 2718 1153 welca·

282 1208 356 1250 gro
386 1207 436 1234 ex
465 1195 522 1234 ira
551 1193 685 1233 matris
713 1198 895 1247 pereunte
923 1205 1001 1231 non
1031 1191 1270 1236 conveniant
1298 1205 1426 1231 nonne
1455 1190 1704 1232 nihilominus
1728 1190 1809 1246 jann
1839 1192 1878 1231 in
1908 1192 2174 1247 antiquissima
2205 1192 2356 1235 fabulae
2386 1191 2508 1233 forma
2529 1189 2614 1232 belli
2638 1188 2717 1230 Cu-

283 1279 408 1314 retum
437 1276 475 1313 et
504 1269 809 1326 Calydoniorum
838 1269 992 1310 eaedem
1021 1267 1098 1309 sere
1127 1282 1210 1310 esse
1239 1270 1438 1324 potuerint
1466 1274 1616 1325 partes,
1646 1282 1743 1324 quae
1773 1283 1875 1310 nunc
1903 1270 1981 1310 sint
2010 1269 2114 1326 apud
2144 1269 2429 1326 Apollodorum
2459 1273 2576 1326 (post.
2605 1267 2719 1322 loco),

283 1348 520 1393 Nicandrum
551 1350 628 1406 (ap.
658 1348 750 1391 Ant.
782 1346 897 1399 Lib.),
927 1346 1061 1390 scholl.
1091 1346 1201 1389 ABD
1233 1346 1281 1388 ad
1311 1362 1346 1389 v.
1375 1347 1471 1391 534.
1498 1347 1745 1390 Eustathium
1776 1346 1817 1398 (Ι.
1847 1347 1909 1401 l.):
1938 1354 1983 1389 ut
2011 1347 2060 1390 ad
2088 1363 2234 1404 poenas
2264 1348 2373 1391 ducis
2403 1350 2515 1390 occisi
2544 1353 2720 1404 repeten-

284 1428 354 1471 das
384 1443 405 1470 a
435 1426 640 1470 Curetibus
672 1425 897 1483 Calydoniis
939 1424 1086 1468 illatum
1128 1440 1211 1468 esse
1256 1427 1295 1467 in
1340 1440 1460 1483 eoque
1488 1425 1682 1484 Meleager
1724 1425 1917 1484 proelians
1958 1425 2137 1470 cecidisse
2173 1426 2400 1470 traderetur.
2458 1427 2515 1470 Ea
2544 1427 2718 1484 quaestio

284 1506 482 1563 quomodo
511 1506 717 1561 dijudicari
746 1507 871 1562 possit
899 1519 978 1546 non
1008 1504 1138 1554 vide03
1168 1505 1242 1546 hoc
1270 1510 1375 1561 patet
1403 1504 1452 1546 ad
1481 1503 1753 1546 absolvendam
1784 1504 1952 1548 fabulam
1982 1505 2174 1561 ejusmodi
2204 1505 2344 1548 bellum
2381 1507 2532 1548 minime
2561 1495 2718 1561 requiri,

285 1585 351 1628 sed
382 1585 603 1628 habituram
632 1583 750 1625 fuisse
778 1597 861 1626 eam
889 1584 1038 1640 justum
1063 1585 1232 1633 initium,
1268 1597 1538 1640 progressum,
1575 1585 1742 1633 exitum,
1778 1584 1811 1625 si
1847 1590 1999 1640 praeter
2034 1586 2130 1625 iram
2162 1583 2318 1634 Dianae,
2355 1586 2592 1626 venationem
2623 1585 2718 1640 apri,

284 1665 566 1706 contentionem
597 1661 643 1703 de
673 1664 829 1704 victoris
858 1663 1029 1720 praemio
1060 1668 1196 1724 ortam,
1227 1660 1378 1703 caedem
1410 1660 1466 1703 vel
1497 1663 1612 1702 unius
1650 1661 1707 1702 vel
1730 1656 1907 1719 plurium
1935 1662 2087 1704 Thestii
2117 1662 2286 1705 filiorum
2315 1662 2449 1705 eadem
2479 1662 2716 1721 Meleagrum

284 1758 335 1784 ex
365 1741 460 1783 diris
490 1744 623 1783 matris
643 1741 822 1796 precibus
851 1743 1101 1782 intereuntem
1139 1747 1177 1782 et
1213 1739 1375 1780 forsitan
1411 1739 1666 1780 voluntariam
1697 1741 1886 1781 Althaeae
1925 1727 2085 1783 mortem
2124 1742 2451 1800 complecteretur.
2509 1741 2600 1783 ltem
2629 1754 2718 1799 per-

284 1822 458 1878 spicuum
490 1826 548 1861 est
577 1819 681 1868 inde,
732 1819 839 1874 quod
866 1818 1134 1875 Apollodorus
1184 1827 1221 1860 et
1269 1833 1368 1874 quos
1411 1824 1565 1875 praeter
1593 1833 1679 1859 eum
1711 1822 1966 1877 apposuimus
1993 1820 2110 1862 duces
2139 1822 2286 1863 occisos
2317 1822 2432 1862 armis
2463 1835 2485 1863 a
2515 1819 2719 1862 Curetibus

282 1899 495 1940 vindicatos
524 1913 608 1939 esse
636 1897 818 1945 referunt,
845 1897 952 1938 nullo
981 1896 1098 1938 modo
1120 1897 1195 1936 hoc
1223 1896 1331 1946 effici,
1361 1903 1405 1937 ut
1432 1896 1525 1937 illud
1556 1897 1696 1938 bellum
1730 1898 1812 1952 jain
1849 1897 1896 1939 ad
1927 1898 2231 1940 antehomericae
2260 1898 2411 1940 fabulae
2447 1897 2632 1948 formam,
2680 1899 2718 1939 in

283 1992 398 2033 quam
428 1978 669 2033 inquirimus,
697 1977 928 2032 pertinuisse
957 1974 1201 2016 statuendum
1233 1977 1300 2025 sit3
1329 1977 1501 2032 potuisse
1531 1977 1629 2017 enim
1659 1975 1758 2025 fieri,
1802 1982 1862 2026 ut,
1908 1991 2006 2033 quos
2042 1976 2096 2018 illi
2131 1977 2410 2033 sequebantur,
2454 1982 2630 2019 auctores
2669 1991 2719 2018 ex

283 2057 368 2111 ipsa
399 2054 471 2096 hac
499 2054 704 2096 Homerica
732 2055 953 2095 narratione
980 2052 1074 2094 illud
1104 2053 1369 2094 adsciscerent.
1427 2053 1542 2102 Quod
1587 2055 1619 2095 si
1664 2052 1806 2096 factum
1851 2060 1927 2105 est,
1976 2069 2026 2096 ex
2057 2053 2263 2096 Homerico
2300 2053 2385 2096 loco
2415 2053 2506 2097 olim
2535 2061 2719 2113 corrupto

283 2148 408 2176 novae
436 2133 588 2176 fabulae
618 2132 762 2175 formae
792 2133 978 2189 originem
1008 2139 1220 2174 traxerunt.

488 2212 756 2269 Relinquitur,
796 2218 841 2253 ut
868 2225 992 2268 pauca
1020 2209 1067 2253 de
1096 2224 1140 2252 ea
1167 2213 1387 2254 narratione
1417 2212 1625 2263 addamus,
1667 2227 1765 2270 quae
1794 2214 1949 2255 resectis
1977 2228 2040 2257 vv.
2068 2213 2302 2259 533-549.
2333 2213 2554 2258 557-572
2582 2219 2720 2256 restat:

286 2291 519 2337 529—532.
551 2292 675 2334 550-
690 2291 784 2334 556.
813 2289 1048 2334 573-599.
1093 2289 1164 2331 Est
1193 2289 1253 2331 illa
1283 2291 1436 2346 quidem
1466 2294 1504 2334 in
1533 2293 1691 2348 reliquis
1721 2292 1899 2333 omnibus
1930 2286 2042 2348 plena
2071 2300 2109 2333 et
2138 2292 2327 2342 absoluta,
2358 2292 2425 2334 sed
2457 2292 2573 2334 habet
2593 2297 2720 2334 tamen

285 2385 418 2421 unum,
447 2385 525 2427 quo
553 2369 707 2413 aliunde
724 2369 838 2426 idque
858 2383 908 2412 ex
929 2384 972 2411 ea
991 2370 1086 2425 ipsa,
1116 2367 1162 2411 de
1191 2383 1268 2425 qua
1296 2370 1409 2412 modo
1439 2372 1603 2428 egimus,
1632 2370 1760 2413 sabula
1791 2371 1909 2413 videri
1936 2373 2062 2428 possit
2089 2371 2266 2429 pendere,
2298 2371 2482 2428 Meleagri
2504 2374 2543 2413 in
2560 2378 2719 2414 matrem

286 2449 372 2492 dico
401 2451 570 2505 iram'),
601 2449 712 2505 cujus
742 2463 838 2506 quae
868 2463 985 2491 causa
1015 2447 1130 2489 suerit
1158 2462 1260 2489 nunc
1289 2463 1363 2491 non
1394 2457 1566 2507 apparet.
1635 2449 1722 2499 Quo
1752 2452 1837 2507 ipso
1866 2457 1980 2492 erunt
2009 2449 2172 2492 sortasse
2202 2452 2266 2506 qui
2296 2450 2454 2506 probari
2485 2450 2721 2492 arbitrentur

284 2527 391 2577 illud,
423 2527 529 2583 quod
559 2526 674 2569 modo
705 2529 743 2569 in
771 2527 895 2569 medio
925 2525 1218 2582 relinquendum
1249 2530 1483 2578 censuimus,
1512 2528 1594 2584 jam
1633 2527 1682 2570 ad
1718 2530 2024 2586 antiquissimam
2053 2527 2206 2571 fabulae
2235 2527 2398 2571 sormam
2427 2527 2568 2570 bellum
2598 2528 2721 2571 Cure-

284 2613 367 2648 tum
396 2612 435 2648 et
464 2605 770 2663 Calydoniorum
799 2612 1002 2663 spectasse.
1061 2604 1136 2654 Qui
1166 2606 1197 2647 si
1226 2611 1327 2647 recte
1358 2609 1531 2657 sentiant,
1562 2606 1809 2649 statuendum
1839 2613 1939 2650 certe
1969 2610 2042 2650 erit
2070 2610 2323 2665 posteriorem
2353 2608 2468 2658 illam,
2505 2623 2620 2664 quam
2650 2623 2721 2650 vo-

283 2685 380 2734 lunt,
410 2684 564 2726 fabulae
594 2692 742 2741 partem
773 2685 820 2726 ab
850 2685 923 2726 hoc
951 2690 1065 2741 poeta
1094 2686 1133 2725 in
1161 2683 1390 2740 quibusdam
1421 2685 1657 2727 immutatam
1687 2699 1782 2736 esse,
1812 2700 1931 2742 quum
1961 2691 2006 2727 ut
2034 2688 2191 2728 omnino
2221 2700 2265 2728 ea
2286 2687 2489 2742 proposito
2516 2685 2719 2729 Phoenicis

285 2765 369 2815 (vv.
399 2762 636 2808 600-605
667 2762 712 2806 cf.
744 2777 863 2821 supra
893 2777 930 2820 p.
959 2762 1008 2817 9)
1038 2761 1372 2814 accomodaretur,
1409 2767 1488 2805 tum
1526 2768 1571 2806 ut
1604 2765 1642 2806 in
1679 2763 1842 2823 singulis
1881 2763 2097 2822 quibusque
2128 2764 2313 2822 Meleagri
2352 2763 2520 2807 conditio
2550 2764 2713 2809 Achillis

285 2842 495 2885 conditioni
524 2859 639 2901 quam
670 2842 862 2885 simillima
890 2841 1008 2883 fieret.
1064 2840 1162 2883 Nam
1191 2843 1359 2899 priorem
1385 2842 1435 2884 ob
1465 2857 1616 2885 causam
1652 2843 1851 2900 putandus
1888 2845 1961 2886 erit
1988 2850 2104 2901 poeta
2132 2843 2227 2886 illud
2257 2844 2485 2892 mutavisse,
2526 2844 2631 2900 quod
2667 2844 2713 2888 de

287 2927 437 2964 matura
466 2922 674 2980 eademque
703 2920 833 2964 subita
864 2918 1050 2976 Meleagri
1078 2926 1201 2962 morte
1223 2919 1323 2962 sama
1352 2919 1536 2962 traditum
1563 2921 1704 2964 fuerat:
1732 2924 1874 2979 quippe
1903 2924 1964 2964 cui
1993 2938 2096 2965 nunc
2123 2937 2201 2965 non
2220 2921 2480 2978 respondeant
2498 2937 2556 2964 vv.
2575 2923 2712 2968 598—

286 3000 388 3051 5993
426 3000 583 3044 alteram
620 3001 670 3044 ob
706 3014 861 3044 causam
900 2996 1112 3041 censendus
1149 2999 1221 3039 erit
1250 2998 1486 3053 Meleagrum
1521 2999 1650 3044 secisse
1679 3003 1787 3044 initio
1818 3001 1957 3044 bellum
1995 3001 2323 3052 administrantem
2355 3000 2433 3053 (vv.
2460 3001 2713 3057 550-553)‚

287 3077 324 3119 id
354 3079 458 3136 quod
488 3095 624 3137 parum
654 3078 832 3122 credibile
860 3094 944 3121 esse
975 3075 1208 3118 videbamus.
1262 3076 1407 3119 Eodem
1438 3079 1595 3121 consilio
1624 3079 1786 3122 sortasse
1815 3079 1964 3137 legatos
1990 3079 2037 3122 ad
2063 3079 2300 3135 Meleagrum
2324 3078 2552 3136 placandum
2575 3084 2714 3124 missos

510 3272 540 3315 ')
565 3276 606 3306 cf.
632 3270 842 3307 553-554.
866 3268 1075 3314 555-556,
1110 3283 1305 3314 quamquam
1339 3275 1371 3305 hi
1404 3277 1597 3316 posteriores
1630 3287 1741 3309 versus
1778 3287 1843 3309 una
1867 3287 1940 3309 cum
1965 3276 2177 3316 sequentibus
2203 3271 2400 3308 557—572
2425 3276 2466 3308 ab
2490 3276 2595 3309 altero
2616 3281 2714 3317 poet·

286 3332 444 3372 proficisci
469 3337 630 3372 poterant.
