2950 3889
1417 250 1477 303 11

226 402 277 442 et⁴
292 393 462 441 Aetolos
474 394 686 438 excitavit:
712 405 761 436 ne
789 393 845 438 sie
871 392 1025 451 quidem
1053 393 1106 447 id,
1133 393 1239 453 quod
1266 396 1356 440 seiri
1384 397 1552 440 maxime
1579 395 1777 446 intererat,
1802 393 1999 452 quomodo
2026 407 2048 437 e
2067 395 2157 438 rixa
2178 394 2334 452 justum
2362 392 2505 438 heum
2532 399 2664 441 ertum

226 480 343 527 esaet,
370 475 412 520 in
432 486 514 532 qno
536 471 726 531 Calydon·
743 478 1052 533 oppugnaretur,
1078 482 1140 518 est
1165 473 1386 519 indicatum.
1428 475 1538 535 Ergo
1565 488 1685 534 quum
1713 478 1813 533 post>
1826 487 1887 515 vv.
1907 472 2048 519 529-
2061 469 2146 520 532
2171 487 2251 517 non
2278 472 2364 531 jam
2392 477 2662 532 exspectemus

227 552 445 612 quidquam·
464 550 671 608 sinendi,
696 551 773 602 illa,
801 566 900 609 quae
929 551 1106 604 babetur,
1133 556 1378 612 expositione
1403 568 1453 597 ne
1475 554 1664 610 juvamur
1691 550 1850 609 quidem
1879 551 2053 594 multmn.
2098 552 2222 610 Atqui
2243 551 2377 595 eadem
2396 558 2438 596 et
2454 565 2663 610 praegres-

227 633 282 676 sis
308 636 348 677 et
373 628 666 686 insequentibus
692 627 791 673 male
827 634 977 675 attexta
1001 636 1073 682 est,
1107 633 1347 691 praegressis
1382 630 1563 690 ambigue
1596 629 1702 675 dieto
1738 631 1842 672 τοῖσι
1877 642 1914 672 v·
1942 627 2039 679 533,
2066 629 2314 688 sequmflbm
2349 628 2473 680 bello·
2504 628 2615 688 quod
2640 643 2663 672 θ

229 707 475 754 eunte-tione
499 707 721 750 venantium
749 707 952 760 exarserit,
978 722 1028 753 ne
1053 710 1256 755 nominato
1281 707 1450 770 quidem.
1525 707 1616 760 Quo
1650 705 1817 755 aceedit,
1863 705 1990 765 quod,
2034 708 2069 750 si
2103 706 2231 751 absint
2262 721 2325 751 vv.
2353 704 2596 753 533—549
2623 710 2664 749 et

230 800 291 830 vv.¹
319 782 559 837 529-532
585 784 770 827 continuo
797 786 1043 843 excipiantur
1070 802 1130 832 vv.
1159 787 1411 840 550-2556,
1438 787 1650 830 rectissime
1672 787 1756 842 jam
1781 790 1897 843 poeta
1926 784 1975 828 ab
2003 787 2089 844 ipsa
2116 790 2342 844 oppugnata
2368 785 2466 829 urbe
2494 784 2661 838 (529—

228 863 328 920 532)
356 871 526 910 exorsm
554 859 670 905 suerit
685 861 733 917 ¹),
759 863 864 921 quod
892 871 1039 919 contra,
1066 871 1115 912 ut
1139 881 1244 912 nune
1263 881 1333 911 res
1359 872 1432 918 est,
1457 866 1649 910 rationem
1675 862 1840 908 vixdum
1877 864 2092 908 institutam
2128 864 2257 907 statim
2295 861 2395 907 idem
2423 877 2565 908 rursus
2591 862 2662 908 ab·

224 944 571 1000 jahirus-temere
611 941 744 984 secisse
779 943 994 999 videtur2).
1051 943 1161 994 Quae
1193 947 1325 991 omnia
1356 947 1607 1004 perspicuum
1635 949 1697 986 est
1729 942 2062 1000 interpolationem
2091 942 2276 986 redolere.
2332 941 2419 985 Jam
2448 942 2533 1000 lege
2561 944 2663 986 ‘niter

228 1021 534 1071 seeontiuuata,
561 1035 661 1077 quae
689 1023 845 1063 resectis
872 1028 912 1063 et
938 1037 999 1065 vv.
1027 1023 1258 1068 533—549
1285 1030 1324 1066 et
1349 1024 1584 1068 557—572
1613 1028 1781 1072 restant,
1815 1023 1956 1065 senties
1991 1036 2188 1078 emergere
2215 1022 2272 1063 sic
2299 1022 2559 1063 narrationem
2587 1022 2662 1063 mi-

227 1100 328 1141 nime
354 1096 509 1154 quidem
539 1097 719 1140 omnibns
746 1099 923 1155 partibus
952 1099 1171 1144 absolutam
1198 1109 1239 1144 et
1263 1101 1490 1159 perfectam,
1523 1101 1593 1144 sed
1619 1107 1750 1144 tamen
1778 1102 1832 1150 ei,
1863 1113 1963 1156 quae
1990 1113 2095 1142 nunc
2124 1098 2308 1147 habetur,
2344 1099 2484 1140 mirum
2511 1105 2660 1155 quanto

227 1182 500 1235 praestantem.

654 1270 689 1296 v.
718 1254 812 1299 529.
869 1254 1084 1315 Κουρῆτές
1109 1254 1138 1298 τ’
1171 1257 1376 1317 ἐμάχοντο
1412 1259 1481 1300 καὶ
1513 1258 1684 1301 Αἰτωλοὶ
1708 1255 1972 1315 μενεχάρμαι

875 1334 984 1391 ἀμφὶ
1011 1334 1126 1376 πόλιν
1154 1334 1396 1387 Καλυδῶνα,
1424 1337 1493 1378 καὶ
1520 1337 1719 1391 ἀλλήλους
1744 1335 1948 1392 ἐνάριζον,
2014 1346 2020 1351 ”
2066 1345 2069 1348 ’
2165 1324 2176 1338 ⁰

875 1413 1044 1454 Αἰτωλοὶ
1070 1413 1150 1469 μὲν
1177 1414 1429 1471 ἀμυνόμενοι
1456 1414 1705 1461 Καλυδῶνος
1731 1414 1921 1472 ἐραννῆς,

717 1490 813 1536 532.
869 1488 1086 1550 Κουρῆτες
1110 1491 1158 1534 δὲ
1187 1491 1458 1550 διαπραθέειν
1482 1496 1708 1549 μεμαῶτες
1723 1490 1848 1551 Ἀρηι.

696 1567 810 1612 550.
868 1567 986 1626 ὄφρα
1011 1569 1093 1626 μὲν
1119 1569 1194 1614 οὖν
1225 1570 1468 1629 Μελέαγρος
1493 1571 1719 1630 ἀρηίφιλος
1745 1569 1973 1626 πολέμιξεν,

876 1647 1018 1705 τόφρα
1047 1648 1095 1691 δὲ
1125 1647 1380 1708 Κουρήτεσσι
1408 1652 1550 1697 κακῶς
1576 1648 1642 1708 ἦν,
1671 1648 1773 1692 οὐδὲ
1803 1648 1976 1691 δύναντο

874 1726 1036 1786 τείχεος
1061 1725 1262 1772 ἔκτοσθεν
1287 1728 1450 1785 μίμνειν
1476 1728 1625 1775 πολέες
1650 1743 1730 1786 περ
1760 1727 1909 1774 ἐόντες·

875 1803 956 1848 ἀλλ’
987 1806 1059 1849 ὅτε
1087 1805 1139 1865 δὴ
1172 1805 1412 1865 Μελέαγρον
1441 1805 1516 1851 ἔδυ
1539 1807 1681 1867 χόλος,
1712 1807 1762 1854 ὅς
1791 1821 1836 1850 τε
1864 1807 1932 1849 καὶ
1961 1804 2096 1849 ἄλλων

843 1877 845 1879 V
873 1884 1029 1927 οἰδάνει
1052 1885 1098 1927 ἐν
1124 1885 1325 1944 στήθεσσι
1354 1887 1448 1930 νόον
1475 1886 1583 1929 πύκα
1611 1901 1691 1944 περ
1722 1885 2003 1943 φρονεόντων,

869 1961 896 2022 ἦ
926 1979 986 2007 τοι
1015 1963 1039 2006 ὃ
1065 1965 1193 2025 μητρὶ
1221 1964 1320 2025 φίλῃ
1340 1962 1504 2025 Ἀλθαίῃ
1529 1965 1754 2025 χωόμενος
1778 1967 1858 2024 κῆρ

717 2042 812 2088 556.
869 2047 979 2086 κεῖτο
1008 2043 1124 2103 παρὰ
1150 2045 1313 2105 μνηστῇ
1341 2045 1501 2106 ἀλόχῳ,
1531 2045 1634 2104 καλῇ
1664 2043 1920 2103 Κλεοπάτρῃ·

717 2124 811 2169 573.
868 2126 950 2165 τῶν
978 2123 1027 2165 δὲ
1057 2122 1258 2184 τάχ’ἀμφὶ
1284 2124 1415 2171 πύλας
1440 2125 1605 2182 ὅμαδος
1629 2126 1698 2167 καὶ
1725 2124 1881 2170 δοῦπος
1906 2125 2090 2181 ὀρώρειν

870 2201 1041 2259 πύργων
1067 2201 1352 2258 βαλλομένων.
1410 2204 1481 2246 τὸν
1510 2203 1558 2246 δὲ
1585 2204 1771 2246 λίσσοντο
1801 2202 1997 2260 γέροντες
2022 2202 2104 2244 κτὲ.

427 2279 624 2323 Videbunt
651 2280 824 2330 lectores,
854 2294 952 2338 qnae
980 2283 1035 2323 ita
1061 2289 1154 2324 nata
1181 2284 1233 2324 sit
1259 2284 1446 2333 narratio,
1474 2297 1559 2326 eam
1587 2282 1665 2326 fere
1694 2282 1744 2325 ad
1771 2280 1894 2324 solam
1918 2280 2157 2338 Calydonem
2178 2295 2201 2323 a
2222 2279 2428 2322 Curetibus
2446 2293 2655 2338 oppugna—

220 2366 298 2402 tam
327 2364 512 2417 spectare,
546 2358 594 2402 de
615 2360 817 2402 venatione
845 2364 972 2402 autem
1002 2358 1218 2417 Calydonia
1244 2359 1489 2417 Althaeaque
1511 2360 1593 2404 filio
1620 2366 1781 2404 mortem
1810 2362 2018 2417 imprecata
2045 2372 2143 2416 quae
2169 2357 2390 2411 traduntur,
2425 2372 2472 2401 ea
2497 2356 2653 2402 duobus

220 2437 312 2488 illis,
351 2452 451 2495 quos
496 2439 680 2481 insiticios
723 2451 807 2480 esse
841 2439 1067 2489 statuimus,
1115 2438 1209 2481 locis
1237 2440 1423 2481 contineri
1451 2445 1491 2482 et
1517 2453 1656 2482 rursus
1683 2439 1855 2495 exeeptis
1885 2451 1944 2479 vv.
1974 2435 2216 2480 557--564
2245 2435 2319 2478 bos
2348 2436 2506 2494 explere
2533 2443 2651 2480 totos.

219 2515 330 2562 Unde
357 2515 583 2574 intelligitur
609 2518 754 2560 inserta
781 2530 827 2559 ea
854 2529 938 2559 esse
966 2516 1135 2559 maxime
1162 2514 1238 2559 hoc
1265 2517 1351 2574 ipso
1379 2517 1553 2568 consilio,
1580 2523 1626 2560 ut
1653 2515 1755 2560 illius
1785 2516 1998 2559 venationis
2034 2519 2074 2558 et
2102 2513 2290 2573 Meleagri
2319 2529 2342 2557 a
2370 2522 2494 2559 matre
2522 2514 2651 2559 devoti

219 2595 320 2639 fama
348 2610 435 2639 eum
462 2594 626 2645 diversa,
656 2609 755 2651 quae
783 2593 832 2637 de
860 2592 935 2637 hoc
961 2593 1079 2637 heroe
1108 2592 1270 2645 adesset,
1298 2598 1519 2639 narratione
1540 2597 1861 2653 conjungerenm
1900 2608 1979 2652 quo
2007 2593 2056 2637 ab
2091 2592 2227 2638 eodem
2263 2593 2394 2638 studio
2433 2593 2650 2638 fabularum

219 2674 452 2723 memoriam,
482 2687 713 2731 quoeunque
740 2672 882 2723 liceret,
911 2671 1096 2715 inserendi
1123 2672 1331 2730 repetenda
1357 2679 1483 2725 erunt,
1518 2688 1618 2732 quae
1646 2673 1694 2717 de
1724 2672 1952 2751 Cleopatrae
1983 2671 2228 2731 parentibus,
2264 2671 2332 2715 lda
2366 2679 2406 2715 et
2432 2671 2648 2730 Marpessa,

217 2765 279 2793 Π
307 2752 545 2797 557-564
576 2752 699 2795 alieno
728 2750 813 2793 loco
842 2752 1069 2808 interposita
1097 2750 1274 2808 legimus.

419 2829 508 2874 Jam
544 2844 636 2873 vero
672 2830 705 2873 si
739 2827 839 2872 bello
874 2830 974 2873 inter
1002 2828 1164 2872 Curetes
1198 2835 1238 2873 et
1264 2829 1427 2874 Aetolos
1455 2834 1568 2887 gesto
1597 2845 1619 2873 a
1647 2832 1863 2889 posteriore
1899 2844 2019 2873 manu
2055 2829 2244 2888 applicata
2273 2843 2357 2873 esse
2385 2830 2647 2886 reperiuntur,

218 2921 315 2963 quae
343 2906 392 2950 de
420 2910 622 2952 venatione
652 2905 867 2965 Calydonia
893 2905 1159 2964 Althaeaeque
1186 2914 1395 2952 narrantur
1422 2908 1699 2959 exsecratione,
1726 2922 1829 2951 nova
1857 2909 2011 2955 exsistit
2038 2908 2233 2966 quaestio,
2269 2922 2337 2950 eae
2364 2921 2427 2950 res
2455 2922 2547 2951 num
2576 2923 2650 2967 per

218 3000 258 3029 se
286 3000 440 3044 quoque
469 2986 518 3030 ad
548 2986 643 3030 illud
671 2984 813 3029 bellum
839 2988 1111 3044 spectaverint,
1153 2993 1191 3030 et
1228 2988 1262 3030 si
1304 2988 1451 3039 minus,
1494 3001 1683 3044 quaenam
1720 2987 1795 3030 alia
1822 2986 1870 3031 de
1898 2989 1945 3030 iis
1973 2985 2117 3030 tradita
2144 2985 2262 3031 fuisse
2291 2985 2496 3030 videantur
2523 2988 2647 3032 initio.

422 3191 454 3230 ¹)
479 3193 521 3225 cf.
545 3193 679 3225 Faesius
704 3195 744 3226 ad
768 3204 801 3226 v.
825 3189 912 3226 53¹2:
938 3195 1121 3238 ,Uebriym
1135 3196 1290 3238 qehoeren
1314 3196 1363 3228 die
1387 3196 1455 3228 υἱον·
1477 3205 1566 3228 verse
1590 3189 1787 3226 529-532
1812 3194 1881 3226 dem
1904 3194 2163 3236 mamenhauq
2186 3171 2269 3226 nach
2300 3196 2466 3237 eiyeutla‘ek
2484 3203 2553 3229 erat
2575 3199 2647 3230 cari-

214 3251 308 3282 schea
332 3247 400 3283 549
423 3251 490 3283 und
512 3248 603 3283 550.ι
650 3253 746 3291 Eece,
770 3259 847 3285 unte
871 3255 977 3295 ipsum
1002 3265 1034 3286 v.
1058 3252 1125 3286 550
1149 3252 1362 3288 collocamus!

421 3328 454 3366 ²)
481 3330 635 3362 Diximus
659 3332 699 3363 de
724 3331 774 3364 hie
798 3335 947 3366 omnibus
973 3343 1071 3375 snpra
1094 3343 1191 3375 pugg.
1217 3330 1305 3365 5-7
