2950 3889
1403 308 1466 356 23

219 463 358 495 novem
392 448 476 491 dies
520 449 539 504 (
546 446 764 507 εἰνάνυχες
796 447 901 499 470,
948 447 1101 508 δεκάτη
1136 447 1251 503 474)
1281 462 1362 492 rem
1404 448 1814 508 procrastinaverunt?
1872 446 1971 490 Nam
2014 446 2120 490 illum
2148 446 2209 489 vel
2237 444 2461 489 verberibus
2489 442 2644 486 caedere

219 529 281 573 vei
307 525 484 572 mutilare
512 525 568 568 vel
596 525 671 569 alia
686 526 889 584 ,ejusmodi
908 541 1035 586 poena
1048 530 1086 583 ¹)
1115 525 1474 586 afficereplaeuisse
1502 531 1582 581 vix,
1609 510 1762 587 opinor,
1789 527 1893 568 serio
1921 526 2111 582 conjicies.
2159 524 2202 568 Si
2221 539 2313 568 vero
2333 528 2499 572 stamas,
2527 535 2645 579 quae-

216 610 343 652 rimus
355 606 495 655 denuo,
520 603 716 662 quodnam
733 605 839 649 aliud
857 606 1106 665 exsequendi,
1121 605 1241 665 =quod
1256 606 1402 669 homini
1422 607 1545 651 facere
1565 609 1857 656 constituerant,
1885 606 2195 662 exspectaverint
2211 596 2376 663 tempus.
2421 602 2647 660 Supersunt

218 686 372 746 quidem
398 688 553 743 praeter
578 683 644 727 illa
671 684 861 738 exsilium,
888 686 1022 738 multa,
1049 672 1215 744 denique
1241 688 1326 746 ipsa
1354 687 1506 731 vincula
1534 695 1573 732 et
1600 686 1841 741 custodia²).
1899 683 1979 727 Sed
2014 685 2056 726 in
2089 683 2265 726 exsilium
2300 683 2385 727 illos
2412 696 2493 726 non
2520 677 2645 724 credi-

218 764 292 808 bile
311 768 380 806 -est
406 762 544 815 ejicere
572 763 739 807 voluisse
768 778 867 817 eum,
889 779 1008 823 ‘quem
1039 767 1077 808 vi
1103 765 1209 809 domi
1235 749 1454 810 retinerent.
1510 765 1589 809 Nec
1616 766 1749 824 magis,
1763 763 1929 806 multam
1958 761 2084 806 dicere
2106 761 2201 813 filio,
2228 764 2294 820 qui
2321 776 2370 805 ne
2396 763 2459 804 sui
2487 758 2644 818 quiden

216 847 318 890 es'set
336 841 451 899 juris,
476 843 653 899 ,potuisse
679 841 831 886 videtur
857 848 979 901 pater.
1027 842 1117 894 Quo
1145 844 1301 897 accedit,
1328 844 1509 902 quodne
1538 844 1585 888 ad
1615 843 1775 887 multam
1802 841 1958 901 quidem
1983 840 2159 887 custodia
2178 848 2334 900 spectat,
2381 839 2644 897 Relinquitur,

217 929 261 965 ut
287 922 372 979 ipsa
402 920 576 964 custodia
604 936 753 979 poenas,
778 921 903 965 delicti
931 938 954 965 a
984 922 1173 967 Phoenice
1200 926 1320 982 repeti
1347 930 1542 982 putemus.
1598 923 1676 968 Sed
1705 939 1753 966 ne
1782 923 1857 965 hoc
1884 922 2038 979 quidem
2067 921 2266 979 probabile
2292 928 2362 971 est,
2389 919 2495 977 quod
2522 920 2643 962 nimia

216 998 301 1052 illa,
318 1012 397 1056 qua
425 997 610 1042 custodiri
638 998 810 1043 videmus
840 999 1081 1052 Phoenicem,
1103 999 1301 1059 diligentia
1314 1000 1352 1057 ⁸)
1370 1002 1487 1059 ipsi&
1525 1003 1590 1059 qui
1629 999 1906 1052 custodiebant,
1943 1000 2013 1043 vix
2049 1000 2177 1043 minus
2205 999 2350 1057 negotii
2376 1004 2416 1042 et
2442 997 2641 1041 molestiae

215 1075 422 1122 exhibebat
463 1091 578 1136 quam
622 1079 677 1130 ei,
725 1079 792 1136 qui
834 1077 1134 1122 custodiebatur.
1190 1076 1329 1123 Levari
1368 1078 1506 1124 licebat
1532 1079 1748 1124 istiusmodi
1776 1078 1976 1123 custodiae
2005 1077 2188 1122 oneribus
2222 1076 2423 1121 vinciendo
2453 1076 2643 1120 Phoenice

215 1156 279 1209 (ef.
309 1156 363 1208 E,
388 1155 482 1203 386.
513 1156 608 1203 387.
636 1157 730 1203 391.
759 1156 799 1206 λ,
830 1156 952 1211 293);
980 1156 1048 1200 sed
1077 1156 1172 1200 s'atis
1199 1156 1343 1201 habent
1369 1157 1541 1202 clausum
1571 1163 1697 1201 tenere
1724 1159 1824 1212 (475
1853 1160 1931 1216 sq.)
1960 1160 2111 1216 ipsique
2139 1160 2251 1213 (suas
2277 1171 2340 1200 res
2368 1156 2560 1214 negligere
2582 1162 2642 1198 at-

215 1250 291 1294 que
341 1235 468 1290 adeo)
512 1235 696 1294 vigilandi
738 1235 870 1278 labore
916 1234 1071 1295 fatigari
1094 1239 1099 1247 '
1121 1234 1271 1278 malunt
1319 1250 1436 1293 quam
1486 1235 1657 1280 dolorem
1706 1236 1841 1280 afferre
1886 1236 2070 1280 malefico.
2154 1235 2393 1294 Quocunque
2440 1236 2562 1293 igitur
2601 1239 2640 1276 te

215 1317 342 1365 vertis,
370 1314 517 1359 haeres.

256 1436 258 1438 .
413 1392 571 1435 Rursus
601 1393 693 1450 quid
721 1399 781 1436 est
807 1392 961 1437 tandem
990 1408 1141 1445 causae,
1171 1395 1264 1450 quin
1292 1396 1334 1436 in
1361 1394 1613 1437 custodiendo
1641 1394 1830 1438 Phoenice
1858 1396 1897 1438 id
1924 1398 2051 1453 ipsum
2080 1409 2195 1452 agere
2230 1395 2437 1452 potuerint·
2462 1394 2571 1435 amici
2600 1398 2641 1434 et

211 1472 434 1529 propinqui,
461 1485 509 1514 ne
538 1470 757 1515 exsulatum
786 1473 861 1516 iret
887 1470 1195 1516 adolescentulus
1230 1478 1384 1530 praeter
1410 1478 1558 1531 patrem
1595 1471 1774 1517 omnibus
1803 1473 1942 1517 carus?
1998 1472 2152 1517 Habent
2186 1471 2360 1530 quidem,
2406 1485 2486 1514 non
2521 1483 2637 1528 nego,

212 1552 249 1593 vi
277 1548 378 1593 sacta
404 1536 567 1593 retentio
596 1555 634 1592 et
660 1564 741 1593 non
769 1549 1011 1593 dissimulata
1039 1549 1215 1594 custodia
1242 1551 1493 1606 (475—476.
1521 1533 1762 1606 471-4473)
1791 1553 2001 1609 importuni
2029 1550 2174 1609 aliquid
2200 1558 2240 1594 et
2265 1552 2414 1601 rustici,-
2440 1548 2508 1593 sed
2536 1548 2639 1591 illins

212 1630 348 1691 aetatis
379 1642 507 1671 mores
535 1642 663 1671 nonne
700 1633 739 1671 et
771 1630 847 1687 ipsi
875 1631 1002 1672 minus
1037 1628 1130 1673 culti
1163 1635 1202 1672 et
1227 1628 1338 1688 politi
1365 1629 1501 1673 erant?
1558 1629 1673 1679 Quod
1707 1632 1740 1673 si
1776 1629 1852 1673 hoc
1884 1630 2060 1681 ferimus,
2107 1629 2268 1672 alterum
2305 1643 2354 1672 ne
2389 1628 2639 1672 offensionem

211 1706 366 1765 quidem
393 1707 521 1759 habet,
549 1705 654 1764 quod
680 1708 758 1749 vim
773 1716 904 1754 ,noctu
932 1706 1198 1759 adhibendam,
1227 1722 1350 1766 usque
1377 1707 1470 1751 dum
1498 1710 1626 1767 ipsum
1646 1708 1876 1753 Phoenicem
1907 1710 2096 1767 propositi
2124 1709 2387 1766 poenituisset,
2416 1706 2528 1750 iidem
2540 1708 2637 1763 jam,

212 1793 400 1844 quantum
411 1766 576 1837 dicebat,
602 1787 780 1829 comitate
808 1792 1081 1845 temperarunt,
1109 1789 1237 1846 itaque
1264 1786 1432 1831 interdiu
1460 1794 1499 1830 et
1524 1788 1715 1846 precibus·
1733 1787 1885 1831 blandis
1921 1790 1981 1831 usi
2010 1795 2103 1831 sunt
2138 1795 2177 1830 et
2211 1788 2474 1830 conviviorum
2502 1785 2635 1829 hilari-

210 1873 287 1909 tate
317 1867 486 1909 animum
515 1864 618 1907 illius
646 1879 670 1907 a
697 1865 851 1908 tristitia
879 1865 1113 1909 studuerunt
1140 1880 1321 1918 avocare3
1357 1868 1475 1909 immo
1509 1872 1615 1924 patet
1649 1867 1725 1910 hoc
1761 1866 1914 1925 quidem
1950 1866 2165 1910 rationibus
2192 1879 2325 1907 eorum
2353 1865 2467 1923 plane
2495 1878 2635 1908 conve-

208 1948 317 1989 niens
353 1945 486 1988 fuisse.
540 1943 676 2001 Neque
710 1947 809 1987 enim
846 1960 932 1988 cum
960 1944 1256 1989 Friedlaendero
1290 1945 1562 2004 negligendum
1597 1952 1676 1998 est,
1718 1946 1766 1989 de
1793 1946 1968 1989 custodia
1996 1962 2056 1987 vv.
2084 1945 2324 1990 470-477
2352 1959 2432 1988 non
2458 1944 2532 1987 diei
2560 1945 2635 1986 nisi

209 2030 409 2067 nocturna.
465 2022 575 2073 Quae
605 2038 724 2079 quum
753 2025 807 2065 ita
835 2025 931 2074 sint,
958 2023 1135 2080 equidem
1162 2039 1243 2066 non
1270 2025 1387 2067 modo
1414 2024 1604 2083 duplicem
1631 2026 1902 2075 recensionem,
1937 2024 2005 2066 sed
2032 2040 2081 2067 ne
2104 2024 2304 2081 vulgarem
2333 2023 2488 2080 quidem
2516 2025 2637 2066 inter·

207 2102 442 2160 polationem
469 2102 545 2144 hoc
570 2101 656 2145 loco
685 2101 817 2144 haberi
840 2100 1120 2153 affirmaverim,
1148 2117 1380 2160 quamquam
1408 2105 1592 2162 potuisse*
1612 2102 1765 2160 quidem
1793 2103 1877 2145 fieri
1904 2102 2013 2145 facile
2040 2102 2222 2153 concedo,
2250 2108 2296 2145 ut
2320 2105 2471 2160 primus
2500 2108 2638 2145 auctor

208 2182 383 2225 versibus
404 2181 625 2226 464-469
645 2186 850 2223 contentus
876 2186 989 2232 esset,
1018 2181 1116 2224 alius
1144 2183 1272 2224 nescio
1302 2184 1389 2240 quis
1415 2197 1465 2224 ne
1491 2188 1703 2224 nocturnae
1731 2181 1885 2239 quidem
1913 2182 2029 2241 fugae
2057 2181 2183 2223 locum
2202 2181 2495 2240 relinquendum
2518 2181 2637 2225 fuisse

207 2267 317 2304 ratus
343 2275 405 2302 vv.
434 2260 668 2304 470—477
704 2259 873 2303 adderet.
929 2259 1010 2302 Sed
1054 2259 1103 2303 de
1145 2260 1220 2303 hac
1260 2275 1302 2303 re
1343 2267 1539 2318 utcunque
1573 2263 1775 2311 statueris,
1817 2260 1911 2303 illud
1949 2261 2175 2312 tenendum,
2223 2262 2257 2303 si
2299 2259 2483 2302 alteruter
2527 2260 2637 2302 locus

207 2345 409 2398 suspectus
438 2340 500 2390 sit,
528 2338 654 2381 solum
682 2352 767 2381 esse
794 2340 1048 2396 posteriorem
1076 2338 1349 2395 (470—477).

402 2418 489 2461 dam
506 2431 605 2475 quae
619 2418 819 2476 exemptis,
839 2431 938 2475 quos
958 2419 1114 2476 spurios
1138 2419 1368 2468 censuimus,
1395 2417 1489 2462 locis
1509 2417 1557 2462 de
1578 2434 1638 2462 vv.
1655 2416 1875 2464 434-605
1897 2424 2056 2470 restant,
2081 2420 2287 2477 sexaginta
2310 2431 2445 2461 versus
2466 2417 2515 2461 de
2535 2431 2625 2461 cen·

208 2504 289 2540 tum
303 2497 550 2555 septuaginta
564 2495 730 2547 duobus,
752 2501 791 2539 et
801 2503 942 2540 coeunt
955 2497 1055 2540 inter
1070 2509 1112 2540 se
1126 2495 1300 2540 facillime
1314 2502 1353 2539 et
1368 2501 1491 2539 totum
1506 2494 1688 2552 quiddam
1707 2495 1888 2546 efficiunt,
1907 2494 2011 2552 quod
2027 2496 2235 2553 praeclaris
2250 2495 2404 2554 Ulyssis
2419 2502 2460 2540 et
2469 2495 2632 2540 Achillis

207 2574 448 2618 orationibus
474 2575 615 2616 virtute
642 2575 792 2632 poetica
819 2576 887 2616 vix
917 2573 1038 2617 cedat.
1093 2574 1245 2617 Etenim
1289 2578 1441 2616 constat
1483 2572 1578 2614 haec
1607 2572 1811 2615 Phoenicis
1845 2574 1971 2615 oratio
1999 2572 2125 2615 tribus
2152 2573 2328 2630 partibus
2357 2571 2629 2629 (wa-446.

206 2651 430 2697 447-448
449 2658 488 2695 et
505 2651 738 2698 479-495.
767 2651 1017 2707 496-523).
1060 2652 1234 2702 Quarum
1263 2654 1303 2694 in
1320 2653 1445 2710 prima
1472 2665 1592 2693 senex
1619 2652 1702 2694 sine
1730 2651 1887 2694 alumno
1914 2650 2172 2702 dilectissimo,
2200 2653 2261 2695 eui
2289 2651 2426 2694 Peleus
2454 2652 2629 2693 comitem

206 2738 244 2771 et
272 2731 499 2789 magistrum
529 2730 765 2789 adjunxerit,
793 2731 900 2773 nullo
928 2746 971 2773 se
997 2737 1111 2789 pacto
1140 2732 1179 2772 in
1208 2729 1365 2772 Troade
1391 2744 1658 2772 remansurum
1694 2729 1868 2772 versibus
1895 2731 2098 2789 gravitatis
2124 2744 2245 2788 paene
2274 2728 2519 2788 Vergilianae
2546 2726 2630 2786 ple-

206 2809 267 2850 nis
302 2816 508 2853 asseverat.
567 2810 711 2854 Deinde
742 2812 825 2868 jam
862 2809 912 2852 ad
948 2811 1071 2867 ipsius
1106 2812 1310 2870 temporis,
1352 2824 1429 2867 quo
1467 2807 1775 2851 adolescentulus
1812 2809 1862 2852 ad
1894 2809 2051 2852 l'eleum
2081 2808 2249 2868 supplex
2284 2809 2513 2867 pervenerit,
2556 2807 2626 2849 de·

207 2887 340 2946 lapsus
370 2891 675 2934 recordationem
707 2897 746 2933 et
775 2890 895 2947 hujus
922 2891 962 2931 in
990 2904 1032 2931 se
1055 2888 1162 2931 velut
1187 2891 1311 2946 patris
1333 2903 1500 2932 amorem
1530 2894 1569 2930 et
1596 2903 1668 2931 sua
1697 2889 1744 2931 de
1772 2889 1972 2932 educando
2001 2888 2163 2947 parvulo
2182 2888 2332 2931 Achille
2360 2890 2497 2930 merita
2523 2901 2630 2929 com-

208 2976 397 3012 memorat
422 2971 677 3024 (an—448.
706 2968 963 3025 479—495);
990 2970 1031 3010 in
1059 2967 1199 3025 quibus
1228 2969 1403 3026 inprimis
1430 2967 1608 3010 laborum
1634 2967 1853 3026 descriptio,
1883 2982 1983 3025 quos
2011 2970 2050 3009 in
2077 2981 2200 3026 puero
2228 2967 2402 3009 muliebri
2431 2966 2503 3008 sibi
2533 2980 2629 3009 cura

408 3160 441 3200 ¹)
465 3173 497 3194 v.
517 3163 713 3196 Friedreich.
737 3163 788 3195 die
811 3162 932 3196 realia·
953 3163 987 3195 in
1010 3162 1069 3195 der
1096 3161 1200 3195 Iliade
1223 3161 1290 3194 und
1317 3160 1462 3204 odyssea,
1487 3172 1518 3204 p.
1537 3157 1614 3194 429.

408 3238 442 3283 ²)
465 3243 544 3276 ibid,

405 3319 440 3362 ⁸)
465 3316 653 3366 εἰνάνυχες
674 3317 717 3356 δέ
740 3331 803 3364 μοι
828 3316 915 3367 ἀμφ’
941 3318 1041 3368 αὐτῷ
1069 3316 1164 3366 παρὰ
1190 3316 1318 3359 νύκτας
1341 3315 1456 3354 ἴαυον·
1482 3316 1489 3366 Ι
1515 3316 1552 3354 οἳ
1582 3317 1650 3362 μὲν
1681 3315 1918 3362 ἀμειβόμενοι
1951 3314 2117 3363 φυλακὰς
2147 3313 2245 3364 ἔχον,
2277 3315 2367 3353 οὐδέ
2404 3314 2478 3355 ποτ’
2507 3316 2625 3367 ἔσβηΙ

203 3375 285 3419 πῦρ,
310 3374 436 3422 ἕτερον
459 3376 525 3419 μὲν
552 3374 604 3411 ὑπ’
627 3377 785 3427 αἰθούσῃ
810 3377 984 3425 ἐυερκέος
997 3377 1121 3425 αὐλῆς,
1141 3374 1248 3424 laun
1271 3374 1303 3411 δ’
1331 3377 1382 3412 ἐνὶ
1406 3375 1593 3424 προδόμῳ,
1618 3375 1778 3422 πρόσθεν
1801 3373 1984 3417 θαλάμοιο
2007 3374 2158 3421 θυράων
2183 3386 2217 3409 υ.
2241 3374 2312 3412 470
2335 3389 2409 3423 sqq.
