2950 3889
1405 231 1464 278 13

222 392 360 438 aprum
396 374 473 419 telo
509 374 753 434 percusserit,
792 373 947 416 victoris
980 374 1194 432 praemium
1234 372 1425 417 voluerint
1461 371 1666 415 vindicare.
1723 370 1823 414 Hinc
1859 369 1998 413 bellum
2028 372 2125 414 inter
2154 370 2316 414 Curetes
2344 376 2383 413 et
2411 369 2648 429 Calydonios

220 464 362 507 ortum,
391 457 430 498 in
460 468 540 512 quo
568 467 688 510 quum
716 452 913 511 Meleager
940 453 1007 509 (ex
1034 452 1131 496 urbe
1159 451 1335 507 obsessa)
1365 454 1567 510 emptione
1591 448 1692 494 saeta
1730 449 2007 493 avunculorum
2042 450 2192 506 aliquos
2232 449 2455 500 occidisset,
2489 456 2648 493 manem

220 550 306 580 eum
335 536 562 578 detestatam
591 547 686 574 esse.
742 532 829 574 Jam
857 533 961 574 hunc
988 538 1270 575 succensentem
1299 532 1403 574 domi
1432 547 1474 575 se
1501 535 1684 580 tenuisse,
1710 529 1856 570 frustra
1885 529 2043 578 civibus,
2077 543 2196 585 quum
2230 531 2363 572 hostes
2386 531 2468 586 jam
2488 533 2650 577 ‚moenia

220 617 504 674 oppugnarent,
531 617 578 653 ut
604 625 717 669 opem
745 609 872 661 ferret,
900 624 971 668 per
998 611 1147 668 legatos
1174 611 1417 668 rogantibus.
1460 610 1637 653 Tandem
1659 610 1802 650 uxoris
1819 607 1997 664 precibus
2018 613 2165 649 motum
2195 608 2244 650 ad
2272 615 2463 651 certamen
2491 608 2649 651 deseen-

220 694 322 737 disse
349 694 390 735 in
417 705 541 748 eoque
568 689 726 746 reliquis
754 704 909 746 quoque
938 689 1149 740 avunculis,
1178 691 1244 747 qui
1272 691 1386 732 etiam
1414 695 1507 732 tunc
1534 690 1763 746 superstites
1797 691 1941 734 essent,
1977 687 2214 743 interemptis
2248 689 2375 744 ipsum
2409 694 2648 744 pugnantem

219 769 410 814 cecidisse.
468 768 657 810 Mittimus
685 768 842 824 reliqua.
889 767 1000 812 Patet
1027 773 1153 811 autem
1183 770 1351 811 traxisse
1379 767 1445 810 illa
1472 756 1660 826 originem
1690 781 1742 809 ex
1768 766 1992 808 narratione
2021 763 2223 807 Homerica
2253 765 2314 807 hic
2340 765 2416 809 illic
2444 767 2647 808 immutata

219 855 258 891 et
285 845 527 904 amplificata.
582 845 671 890 Non
699 848 838 889 mirum
868 848 997 904 igitur,
1026 846 1131 904 quod
1161 848 1201 890 in
1227 845 1328 890 bello
1357 846 1536 890 avunculi
1565 847 1679 890 occisi
1709 859 1793 888 esse
1821 843 2041 887 traduntur.

420 925 557 968 Multis
584 925 760 983 partibus
789 925 836 968 ab
866 926 926 968 his
955 925 1116 968 dissidet
1135 924 1338 968 Nicander.
1388 926 1631 969 Convocatos
1660 940 1744 968 esse
1770 923 1821 966 ad
1850 938 1988 981 aprum
2017 922 2232 965 venandum
2261 923 2491 966 fortissimos
2523 938 2644 980 quos-

219 1019 294 1062 que
316 1006 519 1045 universae
540 1005 722 1046 Graeciae
750 1019 773 1045 a
798 1005 995 1061 Meleagro
1017 1014 1051 1046 et
1070 1005 1222 1046 Thestii
1251 1004 1337 1047 filiis
1361 1004 1430 1061 [a].
1478 1005 1705 1047 Interemtae
1725 1004 1941 1059 conjunctis
1970 1002 2115 1042 viribus
2132 1004 2168 1056 ¹)
2197 1001 2298 1042 serae
2319 1017 2468 1055 carnem
2491 1004 2647 1060 quidem

222 1082 461 1140 Meleagrum
493 1085 592 1124 inter
616 1068 741 1124 socios
758 1083 945 1133 divisisse,
965 1081 1102 1140 pellem
1119 1097 1211 1124 vero
1232 1097 1318 1124 cum
1338 1086 1460 1141 capite
1480 1086 1639 1140 praemii
1661 1084 1745 1124 loco
1764 1085 1891 1140 ipsum
1913 1084 2128 1123 retinuisse.
2166 1081 2247 1127 Sed
2261 1081 2387 1122 Diana
2404 1089 2560 1124 auctore
2575 1082 2648 1139 [h]‚

221 1176 319 1219 quae
353 1166 488 1203 necato
525 1175 621 1218 apro
661 1161 734 1203 sibi
771 1176 882 1204 sacro
917 1164 1029 1204 etiam
1064 1161 1347 1205 vehementiore
1386 1176 1499 1219 quam
1530 1172 1641 1203 antea
1671 1162 1723 1219 [c]
1761 1164 1818 1203 ira
1853 1162 2076 1212 exarsisset,
2105 1160 2254 1202 Thestii
2284 1160 2384 1202 filios
2404 1160 2651 1218 reliquosque

220 1239 379 1283 Curetes
408 1238 606 1283 dimidium
637 1242 848 1297 praemium
876 1239 1115 1297 postulantes
1144 1239 1233 1298 pelli
1262 1241 1348 1298 apri
1375 1254 1513 1283 manus
1548 1240 1723 1296 injecisse
1758 1246 1796 1283 et
1825 1237 2057 1293 (concedere
2085 1238 2250 1294 nolenti)
2283 1238 2478 1297 Meleagro
2507 1240 2546 1281 vi
2574 1240 2651 1282 eri-

218 1321 348 1377 puisse
378 1317 450 1375 [d],
480 1333 558 1375 quo
588 1318 688 1361 sacto
716 1321 823 1377 ipsos
852 1318 900 1362 ab
928 1334 975 1361 eo
1003 1334 1088 1361 esse
1116 1319 1347 1362 interfectos.
1404 1318 1491 1361 Jam
1527 1319 1578 1361 ob
1606 1319 1707 1362 hanc
1741 1321 1956 1377 principum
1985 1318 2138 1361 caedem
2167 1318 2267 1360 bello
2295 1320 2394 1360 inter
2423 1318 2584 1360 Curetes
2612 1325 2651 1360 et

218 1398 455 1455 Calydonius
495 1404 633 1440 exorto
667 1398 907 1455 Meleagrum
951 1415 974 1442 a
1008 1404 1131 1442 matre
1177 1397 1359 1441 devotum
1404 1397 1604 1455 pugnandi
1652 1400 1869 1441 societatem
1913 1397 2164 1448 detrectasse;
2214 1397 2368 1458 tandem
2414 1399 2453 1440 in
2497 1412 2649 1440 summo

217 1477 325 1519 urbis
354 1477 572 1519 discrimine
601 1480 738 1519 uxoris
765 1478 944 1535 precibus
974 1478 1023 1520 ad
1052 1477 1311 1520 defensionem
1340 1476 1548 1519 adductum
1578 1479 1706 1534 ipsum
1734 1479 1868 1519 titione
1897 1476 2001 1519 fatali
2032 1492 2055 1519 a
2083 1483 2204 1519 matre
2229 1477 2431 1518 combusto
2450 1485 2647 1520 mortuum

218 1571 312 1599 esse.
368 1555 533 1613 Reliqua
562 1558 680 1599 missa
708 1555 829 1599 facere
858 1557 955 1600 licet.
1603 1607 1610 1615 ¹

415 1634 592 1678 Affertur
619 1636 739 1694 igitur
757 1637 795 1678 in
824 1635 885 1678 his
914 1636 1169 1679 contentionis
1198 1634 1246 1678 de
1275 1636 1360 1694 apri
1390 1634 1515 1693 spolio
1545 1643 1653 1678 ortae
1673 1634 1865 1691 ejusmodi
1894 1650 2025 1685 causa,
2054 1650 2152 1693 quae
2174 1634 2223 1678 ad
2245 1634 2469 1678 Atalantam
2490 1635 2646 1677 omnino

216 1729 297 1756 non
324 1719 481 1771 spectet,
515 1713 673 1772 perinde
708 1724 822 1771 atque
860 1713 965 1772 apud
992 1713 1280 1771 Apollodorum
1316 1714 1432 1756 modo
1467 1713 1705 1757 videbamus.
1764 1713 2050 1757 Interficiuntur
2088 1719 2213 1756 autem
2254 1713 2431 1756 avunculi
2462 1712 2646 1770 Meleagi

216 1793 344 1834 statim
374 1793 412 1833 in
441 1793 524 1848 ipsa
553 1794 773 1841 venatione,
822 1799 955 1835 contra
983 1801 1099 1849 atque
1128 1798 1167 1835 et
1194 1792 1243 1835 ab
1271 1791 1516 1849 Apollodoro
1546 1794 1664 1849 (post.
1693 1792 1796 1845 loco)
1826 1791 2063 1834 referebatur
2101 1799 2138 1835 et
2172 1807 2223 1834 ex
2252 1792 2485 1841 Homericis,
2516 1790 2646 1847 qualia

216 1884 319 1912 nunc
365 1869 573 1921 habentur,
630 1870 883 1928 colligendum
934 1876 1027 1913 erat.
1103 1869 1191 1919 Quo
1239 1869 1373 1912 eodem
1423 1868 1585 1911 efficitur
1604 1894 1661 1901 --
1682 1869 1836 1911 caedem
1887 1870 2071 1921 fratrum,
2121 1877 2166 1912 ut
2194 1871 2321 1919 decet,
2357 1872 2541 1912 continuo
2569 1868 2643 1911 Al-

216 1949 352 1993 thaeae
379 1949 656 2000 exsecratione,
685 1947 784 2003 hanc
813 1954 939 1992 autem
970 1950 1153 2011 continuo
1181 1947 1249 1992 filii
1278 1950 1536 1992 succensentis
1574 1947 1721 1991 desidia
1756 1949 1969 2008 excipiente
1994 1974 2049 1980 —
2069 1954 2113 1992 ut
2144 1949 2225 2007 jam
2254 1950 2423 2007 primum
2453 1946 2648 2006 Meleager

217 2043 239 2070 a
267 2027 367 2071 bello
396 2027 596 2078 abstineat,
623 2027 663 2069 id
692 2027 799 2084 quod
820 2035 859 2070 et
886 2030 1013 2086 ipsum
1041 2033 1086 2071 ut
1113 2027 1358 2086 Apollodoro
1386 2029 1441 2069 ita
1468 2027 1639 2069 Homero
1668 2025 1938 2081 (550-552)
1967 2034 2172 2085 repugnat.
2230 2027 2303 2070 Cui
2331 2026 2473 2084 duplici
2503 2025 2648 2068 discre-

215 2107 368 2164 pantiae
396 2120 442 2149 eo
463 2105 552 2164 plus
581 2105 827 2150 tribuendum
855 2112 933 2158 est,
970 2106 1076 2165 quod
1105 2105 1210 2164 apud
1238 2106 1401 2149 eundem
1430 2104 1550 2156 illum,
1587 2120 1608 2148 e
1638 2119 1717 2162 quo
1745 2104 1938 2149 Nicander
1967 2120 2039 2149 sua
2076 2108 2204 2164 petiit,
2239 2105 2321 2168 alia.
2349 2106 2563 2148 invenimus
2593 2107 2646 2159 (a,

214 2186 240 2229 d
269 2185 315 2229 cf.
343 2186 386 2237 ll,
413 2185 442 2236 Ι,
469 2185 565 2231 549.
604 2185 641 2236 b,
669 2201 690 2228 c
719 2185 764 2229 cf.
792 2186 883 2230 ibid.
914 2186 995 2232 536
1024 2201 1110 2243 sqq.
1138 2185 1251 2241 547),
1279 2187 1321 2228 in
1348 2183 1489 2241 quibus
1517 2199 1647 2228 rerum
1676 2185 1781 2242 apud
1801 2184 2015 2228 Homerum
2044 2187 2204 2228 summis
2233 2192 2382 2244 tantum
2408 2178 2647 2228 lineamentis

216 2263 531 2306 adumbratamm
573 2263 709 2328 sollcrs
752 2267 1015 2322 interpretatio
1059 2264 1299 2321 diligensque
1338 2262 1561 2319 explanatio
1607 2262 1850 2319 agnoscenda
1887 2263 2049 2306 videtur.
2107 2263 2280 2319 Denique
2309 2263 2472 2305 observa
2499 2264 2646 2305 titionis

215 2341 341 2385 fatalis
369 2344 637 2385 cremationem
667 2344 705 2384 in
734 2342 917 2385 Nicandri
946 2343 1167 2386 narratione
1196 2343 1453 2385 exsecrationi
1480 2343 1614 2384 matris
1643 2340 1732 2384 addi
1760 2341 1962 2392 inutiliter3
1999 2357 2098 2398 quae
2126 2344 2178 2392 si,
2221 2348 2266 2383 ut
2293 2342 2521 2384 conveniens
2548 2346 2644 2388 erat,

146 2447 150 2451 -
216 2419 376 2471 valebat,
404 2419 464 2462 vel
487 2426 648 2477 propter
676 2420 777 2462 hanc
806 2419 1043 2478 Meleagrum
1072 2422 1226 2463 interire
1255 2436 1407 2463 necesse
1435 2435 1505 2462 nec
1531 2421 1664 2462 titione
1693 2418 1867 2462 adhibito
1904 2434 2004 2476 opus
2033 2426 2126 2462 erat.

416 2498 604 2556 Superest
630 2501 744 2541 tertia
772 2497 961 2555 quaedam
989 2498 1140 2542 fabulae
1168 2498 1293 2541 forma
1322 2513 1342 2540 e
1371 2497 1537 2545 duabus,
1565 2497 1612 2541 de
1641 2497 1781 2555 quibus
1810 2499 1970 2555 egimus,
1999 2499 2053 2540 ita
2081 2496 2224 2547 mixta,
2266 2503 2311 2539 ut
2344 2512 2432 2540 cum
2468 2499 2640 2554 praemio

213 2576 369 2620 victoris
398 2575 604 2620 Atalantae
645 2592 669 2620 a
698 2576 896 2636 Meleagro
926 2591 1126 2628 concesso,
1164 2593 1186 2620 a
1216 2576 1366 2620 Thestii
1396 2582 1524 2618 autem
1557 2575 1645 2619 filiis
1679 2581 1811 2634 erepto
1824 2580 1864 2631 ²)
1899 2574 2040 2619 bellum
2070 2574 2364 2619 Pleuroniorum
2402 2582 2441 2619 et
2469 2574 2640 2633 Calydo-

213 2655 366 2697 niorum
409 2655 680 2712 conjungatur.
735 2655 875 2698 Testes
919 2662 1010 2697 sunt
1053 2657 1127 2712 ipsi
1156 2655 1315 2697 Homeri
1352 2656 1608 2712 interpretest·
1642 2652 1775 2696 scholl.
1803 2652 1915 2696 ABD
1946 2653 1995 2696 ad
2025 2654 2052 2705 Ι,
2082 2654 2165 2698 534
2200 2660 2238 2696 et
2264 2653 2443 2697 Eustath.
2472 2668 2511 2712 p.
2543 2654 2638 2705 774,

212 2733 390 2778 27-36.
442 2733 573 2777 Occidi
601 2736 719 2791 igitur
747 2734 787 2776 hi
813 2733 958 2776 faciunt
984 2733 1123 2776 fratres
1151 2732 1341 2778 Althaeae
1369 2732 1443 2788 (vel
1472 2747 1604 2775 omnes
1616 2733 1649 2762 ¹)
1687 2731 1746 2774 vel
1773 2742 1922 2790 partem
1952 2734 2156 2787 eoruin‘))
2186 2734 2367 2775 continuo
2395 2742 2487 2789 post
2512 2735 2637 2790 ipsam

214 2814 466 2864 venationem,
494 2819 614 2870 prout
641 2813 688 2856 ab
717 2815 763 2856 iis
792 2811 975 2855 traditum
1005 2811 1183 2862 vidimus,
1212 2826 1311 2867 quos
1337 2812 1463 2868 primo
1492 2813 1646 2853 testium
1674 2825 1813 2868 genere
1842 2826 1962 2868 supra
1991 2810 2182 2869 complexi
2211 2826 2346 2853 sumus
2374 2818 2413 2853 et
2438 2818 2638 2868 praeterea

419 2982 454 3026 ¹)
478 2989 508 3020 A
532 2998 673 3029 quonam
697 2993 731 3020 et
754 2989 923 3029 quomodo,
947 2997 1060 3028 parum
1084 2991 1235 3038 accurate
1258 2986 1445 3026 exponitur.
1491 2985 1588 3023 Quod
1609 2989 1704 3018 adest
1726 2982 1769 3015 Οἱ
1789 2981 1831 3015 δὲ
1854 2985 1927 3026 (int.
1952 2982 1986 3016 οἱ
2010 2982 2183 3027 ἀριστεῖς,
2208 2997 2289 3027 quo·
2309 2987 2474 3028 Meletg'et
2496 2993 2532 3020 et
2547 2988 2635 3020 Tbe-

208 3043 264 3076 etii
286 3045 346 3078 filii
369 3044 650 3084 convocaverant)
674 3046 891 3087 negligentius
915 3045 1038 3078 dictum
1061 3046 1191 3077 videtur
1212 3054 1271 3085 pro
1295 3053 1344 3083 eo,
1376 3044 1464 3085 quod
1487 3053 1545 3076 nos
1569 3054 1667 3086 supra
1690 3045 1869 3085 posuimus.

412 3110 445 3158 ²)
470 3115 509 3147 In
532 3124 597 3147 nno
622 3115 889 3153 testimoniorum,
914 3115 1015 3146 schol.
1040 3114 1130 3146 ABD
1155 3114 1197 3145 ad
1218 3113 1244 3152 Ι,
1268 3106 1346 3152 534,
1387 3117 1535 3154 ereptum
1560 3114 1738 3154 praemium
1769 3114 1901 3146 silentio
1924 3114 2186 3153 praetermissum
2209 3117 2269 3151 est,
2306 3113 2386 3152 solt,
2418 3116 2457 3145 nt
2492 3113 2635 3153 videtur,

206 3170 428 3211 negligenti„
453 3172 495 3204 cf.
520 3172 718 3202 simillimam
742 3173 935 3203 relationem
957 3172 1110 3204 Eustath.
1133 3181 1165 3211 p.
1189 3166 1265 3202 744.
1287 3165 1334 3201 27
1357 3180 1428 3210 sqq.
1460 3170 1552 3201 Rom.

411 3235 445 3281 ⁸)
470 3241 566 3272 Eust-
591 3251 624 3281 p.
648 3236 725 3272 774.
749 3236 804 3272 29.

417 3304 453 3349 ⁴)
479 3308 602 3342 Scholl.
625 3309 718 3342 ABD
740 3311 782 3343 ad
805 3321 838 3342 v.
860 3304 937 3343 534.
