2950 3889
1465 310 1528 358 24

277 455 485 497 nutriendo
513 452 774 496 exanclaverit
801 450 1071 508 (aeti—491),
1100 453 1230 494 nativa
1259 453 1422 509 insignis
1449 456 1510 494 est
1536 450 1786 508 simplicitate.
1832 449 1905 492 His
1934 453 2055 510 igitur
2083 451 2133 496 ad
2161 450 2408 495 molliendum
2437 449 2603 495 Achillis
2629 451 2713 494 ani·

279 545 386 573 mum
415 531 651 588 interpositis
680 536 719 572 et
746 531 830 587 ipse
856 542 931 587 pro
959 528 1088 585 legato
1117 528 1425 587 Agamemnonis
1449 543 1604 573 causam
1629 529 1712 587 agit
1737 527 1838 585 (⁴96
1867 528 1984 586 sqq),
2019 530 2075 572 sic
2102 529 2269 587 quidem.
2297 538 2353 582 ut,
2380 542 2509 587 quum>
2529 526 2715 579 Achilles,

278 612 485 666 quominus
502 609 555 651 illi
575 608 806 665 placaretur,
836 608 1081 656 recusaverit,
1111 609 1226 649 etiam
1255 614 1370 665 atquc
1398 611 1512 652 etiam
1542 624 1565 652 a
1584 609 1704 652 nimia
1726 621 1812 651 cum
1831 607 2044 664 pertinacia
2058 605 2301 654 dehortetur.
2343 607 2491 652 Monet·
2507 608 2630 665 igitur
2654 606 2716 650 vel

278 688 371 729 deos
400 687 448 729 ab
477 689 536 737 iis,
565 689 631 743 qui
662 686 756 743 quid
783 686 1027 742 deliquerint,
1057 700 1098 726 se
1127 685 1273 741 placari
1300 688 1397 743 pati,
1426 692 1557 729 monet
1584 693 1736 730 sanctas
1763 672 1846 728 esse
1874 698 2010 727 eorum
2038 697 2183 741 preces,
2212 688 2280 742 qni
2298 686 2538 742 injuriarum
2565 683 2717 742 suppli·

279 776 340 805 ces
351 768 486 820 petant
503 766 666 816 veniam,
686 769 981 822 spretarumque
1001 763 1115 806 docet
1132 766 1239 821 ipsos
1253 763 1348 807 deos
1363 765 1550 808 exsistere
1564 764 1745 808 vindices.
1775 763 1975 808 Postremo
1989 763 2090 818 (515
2103 764 2211 819 sqq.)
2227 763 2392 821 singulis
2409 762 2717 807 honorificentis-

282 842 400 885 simae
428 842 700 887 satisfactionis
726 843 904 901 partibus
932 842 1154 886 summatim
1183 843 1416 886 enumeratis
1445 842 1494 886 ab
1523 844 1698 900 ipsorum
1726 842 1940 902 legatorum
1968 847 2008 885 et
2033 840 2221 900 dignitate
2244 847 2295 892 et,
2334 857 2413 900 qua
2447 857 2534 886 cum
2562 841 2716 887 Achille

282 921 477 977 conjuncti
505 925 594 974 sint,
623 921 902 966 necessitudine
931 923 1175 980 rogationem
1207 920 1458 965 commendat.

481 1000 675 1046 Addenda
704 1001 765 1044 his
793 1015 918 1059 pauca
946 1007 1040 1044 sunt
1066 1007 1229 1059 propter
1256 1000 1508 1052 Nitzschium,
1537 1002 1605 1058 qui
1635 1016 1756 1058 quum
1783 1016 1844 1044 vv.
1873 997 2111 1049 tes—478
2138 1003 2176 1041 ct
2201 998 2451 1045 524-556.
2479 999 2718 1045 573-606

279 1080 468 1134 patienter
491 1078 600 1131 ferat,
627 1080 728 1123 idem
756 1096 818 1123 vv.
843 1078 1068 1123 502—514
1091 1078 1244 1133 judicat
1271 1081 1492 1135 spurios¹).
1548 1079 1685 1123 Fluxit
1712 1079 1787 1122 hoc
1817 1077 2007 1132 judicium
2043 1092 2222 1136 maguam
2254 1083 2406 1135 partem
2441 1092 2492 1120 ex
2529 1079 2628 1120 miro
2655 1091 2719 1122 er-

282 1169 382 1205 rore,
409 1157 521 1213 cujus
549 1173 598 1201 ne
627 1164 768 1201 temere
799 1171 964 1213 arguere
993 1156 1126 1199 videar
1164 1159 1286 1199 virum
1316 1156 1363 1198 de
1393 1156 1565 1199 Homero
1593 1160 1737 1214 optime
1765 1159 1956 1206 meritum,
1984 1158 2070 1213 ipsa
2095 1155 2197 1197 illius
2226 1170 2419 1213 apponam
2447 1155 2584 1198 verba:
2631 1159 2721 1205 ,Die

281 1238 320 1275 in
349 1237 620 1288 Aqamemnone
647 1239 824 1278 nndchter
851 1239 1082 1289 ausftilirunq
1110 1235 1181 1287 (T,
1203 1217 1430 1290 95—i33)
1459 1239 1752 1279 chami-:erisirta
1777 1220 1847 1279 Ate
1874 1239 2033 1279 misnen
2058 1238 2217 1276 danchen
2245 1251 2294 1276 an
2321 1238 2399 1277 dne
2426 1238 2576 1277 ezzo-zm
2602 1238 2720 1288 cinys-

282 1316 404 1355 lothete
430 1317 529 1356 stelle
555 1331 628 1356 von
657 1318 715 1356 ihr
742 1318 823 1355 und
851 1318 922 1356 den
951 1318 1060 1356 Lt‘tae
1088 1318 1126 1354 in
1155 1318 1225 1357 den
1254 1317 1488 1367 beweqlichen
1516 1317 1675 1357 zur-eden
1704 1317 1769 1357 dec
1798 1318 1967 1357 Pkoemzv
2006 1329 2033 1365 ι,
2062 1313 2267 1358 502-14,
2324 1316 2438 1355 Dicae
2470 1315 2612 1367 plastik
2647 1327 2718 1355 aas

282 1396 452 1447 reflexion
477 1402 591 1447 passe
617 1397 701 1435 dor-t
726 1397 845 1448 weniq
873 1409 920 1436 zu
949 1397 1026 1435 der
1053 1397 1222 1435 berem
1250 1395 1680 1448 ausyesprochenen
1708 1395 1901 1436 &chlichten
1929 1396 2147 1446 νίκων-νῆα
2174 1407 2223 1434 an
2252 1394 2311 1434 die
2336 1393 2633 1435 versohnlichkeit
2652 1393 2720 1433 der

280 1480 405 1525 qotter,
434 1476 488 1514 sie
513 1476 672 1514 motivirt
687 1477 759 1525 fiir
787 1476 858 1514 den
886 1476 1072 1526 einfacken
1102 1475 1270 1514 Phoenix
1297 1489 1344 1513 zu
1361 1476 1445 1525 sein
1474 1475 1554 1514 und
1578 1487 1626 1513 zu
1654 1474 1725 1524 ties.
1780 1474 1919 1513 sokeins
1943 1474 2022 1513 sich
2038 1474 2110 1513 das
2130 1474 2362 1526 unpopnlare
2380 1475 2444 1513 des
2463 1473 2597 1512 {aliaue
2626 1473 2720 1512 doch

284 1554 378 1591 auch
407 1553 577 1592 dudm-ch
605 1554 819 1591 hemerklicli
846 1566 893 1590 zu
920 1554 1082 1600 maclien,
1113 1554 1204 1591 dass
1233 1554 1272 1591 in
1300 1554 1372 1592 den
1399 1553 1582 1593 melu-eren
1610 1557 1779 1603 apaten-en
1800 1553 2055 1604 ansahmnqen
2075 1552 2263 1592 ἀεκυσνεσ
2288 1564 2371 1591 von
2398 1552 2477 1592 der
2502 1551 2719 1592 ver-scilin-

283 1633 476 1671 liclikeit
502 1633 586 1670 der
608 1637 758 1682 gotter
774 1634 863 1681 J‘ene
879 1633 1080 1683 solqenden
1108 1633 1207 1671 nicht
1232 1634 1295 1671 mit
1321 1633 1418 1671 citirt
1440 1631 1598 1670 werden.
1647 1644 1733 1669 man
1773 1631 1870 1670 hatte
1910 1632 1964 1670 sie
2001 1632 2136 1681 qewiss
2171 1632 2210 1668 in
2244 1632 2375 1670 seinem
2418 1636 2509 1679 tes-t,
2553 1632 2641 1670 alm·
2666 1632 2721 1670 sie

280 1724 405 1750 waren
434 1711 534 1750 nicht
548 1711 712 1761 faselich
737 1724 871 1762 qcnuy,
902 1711 982 1750 dem
1009 1712 1221 1763 popular-en
1246 1711 1429 1761 qebrauclt
1456 1710 1556 1749 nicht
1578 1710 1752 1761 gendum

481 1786 650 1828 Putabat
679 1788 798 1844 igitur
826 1785 1065 1828 clarissimus
1095 1788 1284 1842 interpres
1311 1785 1472 1828 Homeri
1502 1786 1566 1843 agi
1593 1785 1669 1827 illis
1698 1784 1873 1829 versibus
1911 1785 1958 1828 de
1987 1785 2238 1843 placabilibus
2267 1785 2427 1828 deorum
2456 1766 2613 1832 animis,
2643 1798 2720 1841 qua

280 1864 411 1907 eadem
441 1864 488 1906 de
517 1879 559 1907 re
583 1864 665 1920 jam
695 1863 838 1906 dictum
868 1878 951 1907 esse
981 1864 1135 1907 videbat
1164 1879 1224 1905 vv.
1249 1864 1489 1920 praegressis
1510 1862 1790 1918 (497-5ΟΙ);
1817 1863 2085 1920 censebatque,
2113 1863 2152 1907 id
2175 1863 2329 1920 quidem
2351 1868 2465 1913 recte,
2492 1877 2571 1906 non
2594 1862 2721 1906 seren-

280 1942 373 1985 dum
403 1957 498 1993 esse,
528 1942 634 2000 quod
662 1957 739 1985 una
768 1942 977 2000 eademque
1007 1944 1194 1986 sententia
1224 1943 1496 1985 enunciaretur
1524 1941 1594 1992 bis,
1622 1944 1791 2000 primum
1819 1942 2044 2000 simpliciter
2070 1949 2109 1986 et
2135 1944 2315 2000 proprie,
2350 1941 2487 1986 deinde
2516 1940 2720 1999 allegorice

281 2035 352 2063 nec
375 2023 457 2064 sine
486 2021 655 2077 quodam
683 2021 911 2064 elocutionis
940 2003 1142 2078 apparatu.
1201 2020 1325 2076 Atqui
1355 2021 1439 2076 ipsa
1469 2034 1515 2063 ea
1542 2021 1724 2077 opinione
1759 2019 1856 2063 nihil
1895 2020 2042 2064 falsius.
2100 2020 2235 2078 Neque
2261 2013 2373 2062 enim¹¹
2390 2019 2437 2062 de
2464 2018 2720 2077 placabilitate

283 2100 445 2143 deorum
475 2099 538 2141 his
566 2099 740 2141 versibus
769 2099 950 2142 Phoenix
979 2099 1174 2156 loquitur,
1217 2101 1310 2156 quin
1346 2101 1458 2140 etiam
1494 2113 1542 2140 ne
1579 2098 1626 2141 de
1661 2098 1735 2141 diis
1767 2100 1863 2156 ipsis
1891 2100 2093 2148 universe,
2136 2098 2185 2140 ad
2221 2113 2321 2155 quos
2347 2097 2444 2141 nihil
2470 2103 2619 2156 spectat
2645 2099 2720 2141 nisi

271 2184 441 2231 sortasse
455 2184 640 2233 quattuor
653 2177 772 2219 verba
791 2177 860 2217 καί
874 2192 918 2218 τε
933 2177 1054 2218 κλύον
1072 2176 1316 2231 εὐξαμένοιο
1330 2192 1366 2217 v.
1382 2177 1476 2225 509,
1506 2179 1538 2218 si
1563 2177 1658 2220 haec
1678 2192 1764 2219 cum
1781 2177 1999 2229 Leni-⁸10²)
2030 2178 2151 2217 mavis
2175 2191 2290 2233 quam
2313 2190 2398 2218 cum
2422 2176 2559 2218 Facsio
2591 2175 2719 2231 (adl.)

285 2258 550 2313 interpretari;
580 2254 648 2297 sed
669 2255 716 2297 de
735 2254 827 2296 solis
842 2253 1024 2297 Precibus
1046 2256 1107 2297 ille
1134 2255 1239 2305 dicit,
1272 2270 1341 2296 nec
1365 2270 1456 2296 vero
1473 2256 1610 2297 harum
1632 2256 1679 2296 de
1694 2255 1964 2312 placabilitate,
1985 2255 2055 2297 sed
2072 2258 2285 2305 sanctitate,
2311 2269 2380 2297 nec
2398 2255 2446 2297 de
2462 2254 2721 2312 quarumlibet

280 2335 444 2383 Precum
463 2337 677 2384 sanctitate,
693 2333 761 2376 sed
781 2349 913 2375 earum
931 2340 1092 2383 tantum,
1114 2350 1212 2392 quae
1224 2330 1352 2393 Ἄτην,
1372 2334 1516 2385 Scelus,
1532 2341 1746 2391 sequautur
1764 2335 1873 2390 (504
1888 2339 1989 2391 sqq.)
2005 2336 2252 2392 corrigentes,
2268 2348 2366 2391 quae
2381 2334 2447 2377 illa
2459 2340 2621 2377 auctore
2632 2348 2721 2392 pec-

284 2420 369 2456 cata
388 2419 481 2456 sunt
496 2414 618 2470 (507;
647 2414 714 2456 ubi
737 2413 786 2456 ad
806 2413 1037 2468 fladmooa’
1061 2414 1245 2468 attende),
1273 2414 1310 2456 h.
1334 2429 1364 2456 e.
1393 2429 1524 2457 earum
1545 2428 1716 2472 precum,
1746 2413 1888 2471 quibus
1917 2415 2006 2472 quis
2033 2413 2196 2472 injuriae
2223 2413 2425 2457 insolentia
2451 2415 2566 2457 animi
2595 2412 2721 2457 illatae

283 2500 431 2551 postea,
460 2494 526 2536 ubi
550 2495 786 2550 poenituerit
813 2493 950 2543 delicti,
979 2494 1027 2535 ab
1052 2494 1171 2536 altero
1194 2500 1300 2551 petat
1320 2495 1467 2535 veniam
1481 2495 1533 2548 ⁸).
1576 2493 1685 2543 Quas
1705 2496 1772 2551 qui
1790 2500 2013 2536 revereatur
2035 2494 2182 2545 Preces,
2205 2508 2292 2548 eum
2313 2493 2407 2537 bene
2427 2493 2501 2537 sibi
2521 2493 2720 2537 consulere

284 2575 338 2615 ait
365 2573 585 2629 (508—9)‚
615 2582 752 2615 contra
781 2576 845 2628 qui
874 2573 1060 2629 repudiet,
1088 2575 1123 2615 ei
1150 2588 1296 2630 poenas
1322 2575 1461 2614 nimiae
1490 2573 1693 2631 superbiae
1722 2580 1762 2615 et
1787 2574 2019 2631 pertinaciae
2048 2572 2250 2616 solvendas
2278 2588 2381 2626 esse3
2412 2574 2495 2631 jam
2531 2574 2633 2616 cuim
2669 2572 2719 2615 ad

291 2667 406 2710 psum
435 2653 613 2695 accedere
635 2648 752 2710 ''At-qv
782 2654 824 2705 (i.
853 2666 885 2694 e.
915 2652 989 2695 hoc
1017 2652 1101 2695 loco
1130 2653 1239 2695 deam
1270 2659 1415 2695 mentes
1439 2634 1639 2695 hominum
1668 2658 1930 2695 occaecantem
1960 2651 2011 2694 ad
2038 2651 2348 2710 peccandumque
2377 2652 2640 2710 instigantem)
2668 2656 2719 2701 ct,

283 2736 329 2772 ut
355 2730 480 2773 scelus
508 2733 548 2773 in
577 2745 621 2773 se
648 2730 828 2773 admittat
855 2744 949 2771 mox
978 2730 1171 2778 luendum,
1199 2729 1389 2785 impellere
1418 2731 1689 2784 (sio—512).
1747 2734 1864 2773 Patet
1889 2732 2020 2787 igitur,
2046 2745 2163 2787 quum
2192 2733 2232 2774 in
2260 2746 2321 2773 vv.
2350 2730 2573 2775 502—514
2600 2730 2716 2787 longe

285 2808 359 2851 alia
386 2811 477 2851 insit
504 2810 705 2859 sententia,
734 2814 852 2866 atque
881 2809 919 2850 in
946 2807 1261 2865 praecedentibus
1279 2809 1511 2860 497-501,
1543 2810 1696 2858 minime
1724 2809 1787 2853 his
1816 2808 1903 2852 illos
1931 2808 2069 2866 subjici
2094 2811 2236 2862 otiose;
2264 2818 2372 2869 patet
2401 2811 2503 2860 item,
2533 2811 2602 2867 qui
2630 2808 2717 2867 pla·

285 2887 488 2931 cabilitatis
516 2888 679 2931 deorum
709 2887 873 2932 testibus
902 2892 1067 2929 utuntur
1094 2901 1154 2929 vv.
1174 2887 1408 2937 497-501,
1436 2890 1484 2930 iis
1512 2903 1560 2932 ne
1587 2888 1741 2931 licuisse
1771 2886 1924 2944 quidem
1945 2903 2022 2931 una
2047 2903 2134 2933 cum
2160 2889 2222 2933 his
2242 2903 2436 2948 apponere
2465 2890 2720 2946 insequentes,

285 2968 350 3023 qui
380 2966 429 3010 ad
458 2982 545 3013 eam>
571 2981 651 3010 rem
680 2969 839 3010 omnino
866 2981 948 3009 non
977 2971 1204 3024 spectarent.
1252 2964 1338 3008 Jam
1368 2966 1443 3009 hoc
1469 2982 1606 3012 everso
1635 2972 1866 3025 argumento
1894 2966 2000 3024 quod
2026 2966 2075 3012 dc
2095 2967 2282 3013 Nitzschii
2302 2968 2564 3026 disputatione
2584 2974 2719 3018 restat,

492 3161 523 3206 ¹)
549 3167 763 3208 sagenpoeaie
787 3165 812 3206 1,
837 3177 868 3208 p.
896 3159 973 3198 ¹29.

488 3240 521 3286 ²)
544 3246 703 3287 populare
726 3245 876 3279 anfsttze
900 3255 960 3278 aus
985 3246 1058 3277 dem
1083 3245 1272 3277 alterthum.
1320 3245 1463 3288 Leipzig.
1501 3246 1652 3279 Teubner
1688 3239 1777 3278 1856
1802 3256 1832 3287 p.
1852 3240 1920 3279 225
1944 3257 2019 3280 ann.
2040 3231 2320 3288 ,509—gotter‘.
2368 3247 2419 3280 De
2448 3248 2719 3289 praecedentibus

288 3302 348 3340 ,die
370 3302 456 3334 stelle
475 3303 513 3334 Π.
535 3304 561 3341 Ι,
581 3299 782 3337 502-512
812 3303 886 3345 qu
908 3303 973 3335 blot
992 3302 1142 3343 aqfsehl
1164 3302 1223 3333 der
1245 3303 1405 3335 menschen
1426 3314 1525 3346 yeyen
1548 3305 1597 3336 die
1619 3300 1732 3345 gotter-⁶
1757 3303 1890 3336 Lehrsio
1915 3315 1980 3337 nou
2003 3307 2172 3338 assentior.

493 3378 525 3421 8)
550 3381 592 3414 cf.
605 3382 719 3414 scholl.
731 3382 794 3414 AD
807 3384 849 3415 ad
859 3393 893 3415 v.
906 3377 983 3415 502.
1017 3382 1141 3424 Heynii
1157 3386 1225 3414 not.
1238 3383 1279 3413 ad
1290 3376 1473 3416 498-508
1484 3379 1582 3423 (503)
1597 3385 1625 3424 ej
1631 3385 1806 3424 undamque
1820 3386 1944 3416 observ.
1968 3386 2010 3417 ad
2020 3380 2203 3418 498-499
2226 3385 2257 3415 V
2281 3395 2313 3425 p.
2329 3380 2409 3416 642.
2432 3385 2566 3417 Fae-iun
2586 3385 2628 3416 ad
2639 3379 2719 3416 502.
