2950 3889
1496 292 1529 340 4

300 433 411 477 cedat
437 435 577 477 nemini
605 445 730 490 neque
757 434 916 476 omnino
945 435 985 477 in
1013 432 1268 478 mediocribus
1302 433 1430 491 poetis
1463 430 1727 492 numerandus
1755 431 1825 484 sit,
1859 429 1929 485 sed
1962 433 2004 476 in
2038 435 2210 479 summis.
2267 433 2416 485 Quodsi
2450 432 2513 479 his
2546 433 2644 491 ipsis
2678 433 2719 476 in

300 511 540 555 orationibus
566 525 703 569 pauca,
731 525 830 568 quae
857 510 990 556 eadem
1019 512 1151 556 abesse
1178 510 1286 554 facilc
1311 515 1490 568 possunt,
1529 509 1692 555 molesta
1740 511 1985 569 reperiuntur
2027 510 2132 554 velut
2179 527 2240 556 vv.
2276 512 2372 564 327,
2402 510 2486 558 383
2513 525 2584 569 sq..
2621 509 2717 561 ⁴16,

299 589 367 632 illa
394 589 442 633 ab
470 589 822 648 interpolatoribus,
852 604 876 634 a
904 569 1045 648 quilius
1074 591 1166 647 quin
1195 590 1365 632 carmina
1390 588 1597 633 Homerica
1621 588 1797 648 plurimis
1824 587 1919 632 locis
1946 589 2257 647 inquinarentur,
2283 589 2368 636 ficri
2394 589 2521 650 plane.
2535 603 2617 634 non
2643 603 2716 648 po-

299 669 385 719 tuit,
415 682 529 726 quam
560 667 608 711 ab
635 670 723 726 ipso
750 669 873 727 repeti
898 652 1015 726 poeta
1041 665 1324 724 elegantissimo
1350 673 1549 725 praestare
1574 673 1692 726 patet.
1747 665 1973 711 Redibimus
2000 666 2052 710 ad
2078 666 2174 711 baec
2199 667 2310 712 infra.

503 745 772 789 Convertimus
805 762 881 789 nos
904 746 987 802 jam
1015 744 1065 787 ad
1096 760 1163 787 eos
1197 744 1316 795 locos,
1350 760 1450 802 quos
1483 749 1668 791 insiticios
1692 760 1921 802 commus,
1955 747 1997 788 in
2030 747 2155 803 iisque
2188 749 2355 804 primum
2389 748 2438 791 dc
2465 747 2620 792 duobus
2643 746 2719 790 illis

299 839 471 882 agemus,
508 838 609 880 quos
650 825 691 866 in
719 823 921 866 Phoenicis
955 825 1128 865 oratione
1164 825 1288 865 inesse
1321 837 1443 883 supra
1474 825 1565 882 jam,
1594 825 1854 868 indicavimus.
1908 823 1970 866 Ac
2004 825 2275 884 posteriorem,
2315 839 2394 883 quo
2435 824 2483 870 dc
2517 824 2717 886 Meleaffo

299 902 496 957 quondam
525 905 584 944 ira
613 909 728 959 capto
756 903 930 944 Phoenix
957 909 1093 943 narrat
1121 903 1400 959 (529-599),
1434 906 1552 945 variis
1586 904 1712 945 modis
1741 905 1813 944 viri
1840 903 1946 944 docti
1968 903 2050 960 Jam
2078 908 2342 956 tentaverunt3
2377 917 2398 945 c
2441 903 2583 962 quibus
2612 904 2718 964 Gep-

296 986 408 1036 perto
424 981 459 1034 ¹)
482 982 634 1023 animus
662 998 709 1023 eo
737 982 958 1030 inclinabat,
986 989 1032 1022 ut
1058 985 1182 1038 ipsam
1215 985 1475 1022 narrationem
1508 988 1630 1024 totam
1658 983 1852 1038 judicaret
1878 983 2070 1039 spuriam,
2099 981 2468 1038 Friedlaendcrus⁸)
2502 984 2596 1025 certi
2621 981 2717 1025 nihil

300 1056 531 1109 affirmabat,
560 1059 781 1102 Nitzschius
794 1060 831 1114 ⁸)
859 1058 1023 1100 mediam
1045 1061 1237 1117 quandam
1264 1067 1412 1117 partem
1441 1062 1563 1118 ejecit.
1592 1061 1765 1103 Laborat
1784 1069 1911 1103 autem
1939 1059 2003 1101 hic
2020 1059 2129 1101 locus
2155 1073 2290 1102 revera
2315 1065 2375 1103 tot
2392 1061 2585 1119 tantisque
2603 1061 2717 1113 vitiis,

296 1142 343 1179 ut
370 1139 437 1193 qui
464 1145 707 1194 perspectum
736 1139 887 1188 habeat,
912 1144 1056 1194 quanta
1087 1144 1168 1179 arte
1202 1138 1316 1179 fuerit
1350 1140 1402 1189 is,
1437 1142 1502 1196 qui
1539 1141 1736 1182 orationes
1769 1139 1922 1199 Ulyssis
1957 1143 1996 1182 et
2028 1137 2193 1180 Achillis
2229 1140 2464 1198 composuit,
2498 1138 2547 1182 ab
2582 1139 2717 1184 eodem

297 1215 404 1257 illum
433 1216 561 1265 talem,
590 1216 714 1272 qualis
741 1230 844 1257 nunc
871 1215 1072 1266 habeatur,
1100 1217 1289 1273 proficisci
1316 1232 1397 1259 non
1423 1219 1598 1276 potuisse
1633 1208 1751 1259 causa
1778 1218 1933 1276 cognita
1959 1215 2088 1268 facile,
2124 1221 2170 1258 ut
2196 1230 2331 1275 spero,
2365 1218 2416 1260 sit
2441 1216 2714 1262 intellecturus.

297 1293 539 1351 Quamquam
570 1295 643 1337 hac
670 1309 713 1337 re
741 1308 922 1337 concessa
948 1294 1062 1352 plane
1102 1295 1254 1339 diversa
1293 1297 1467 1353 quaestio
1501 1295 1663 1350 restabit
1699 1295 1806 1347 haec,
1851 1301 1982 1338 utrum
2028 1308 2116 1338 eum
2157 1309 2329 1339 resecare
2369 1300 2492 1340 totum
2535 1310 2585 1340 an
2627 1310 2714 1340 cum

294 1372 493 1415 Nitzschio
521 1372 599 1416 fere
630 1375 833 1431 primarias
860 1373 945 1429 ejus
972 1379 1103 1431 partes
1132 1376 1231 1416 tueri
1259 1379 1439 1432 praestet.

497 1452 709 1494 Videamus
737 1453 858 1509 igitur
884 1453 1064 1508 primum,
1090 1453 1176 1508 ipsa
1203 1454 1375 1494 narratio
1404 1466 1519 1509 quam
1548 1453 1599 1494 sit
1625 1451 1831 1503 incondita,
1859 1451 2037 1502 obscura,
2058 1464 2193 1494 manca
2215 1456 2330 1508 atque
2350 1453 2579 1511 imperfecta,
2606 1452 2714 1496 deni-

295 1544 369 1587 que
397 1544 445 1573 nc
473 1530 545 1572 sibi
581 1535 763 1572 constans
800 1528 966 1585 quidem.
1023 1528 1184 1572 Notavit
1224 1529 1356 1580 multa,
1409 1545 1508 1585 quae
1549 1530 1626 1573 huc
1668 1534 1853 1588 spectant,
1891 1529 1975 1587 jam
2023 1528 2252 1587 Geppertus,
2294 1531 2362 1574 sed
2404 1533 2438 1575 is
2479 1546 2570 1574 vera
2604 1530 2712 1582 falsa,

295 1614 398 1652 certa
426 1610 571 1651 incerta
599 1623 685 1650 eum
714 1610 754 1649 in
783 1607 942 1649 modum
970 1610 1146 1658 miscens,
1174 1613 1220 1649 ut
1247 1614 1422 1649 nostram
1450 1608 1498 1650 ab
1526 1608 1628 1649 illius
1656 1622 1773 1650 causa
1800 1607 1914 1665 plane
1942 1607 2145 1664 sejungere
2165 1607 2343 1650 malimus
2372 1623 2487 1666 quam
2515 1609 2562 1652 de
2579 1611 2713 1666 paucis

293 1687 344 1729 ad
373 1701 460 1729 eum
489 1700 714 1743 provocare,
731 1685 778 1727 de
798 1685 975 1743 pluribus
992 1700 1079 1726 cum
1102 1684 1234 1726 eodem
1252 1685 1479 1744 disceptare.
1534 1686 1741 1746 Exponere
1765 1687 1885 1745 igitur
1911 1685 2046 1738 voluit,
2070 1686 2149 1729 sive
2176 1687 2210 1728 is
2239 1686 2463 1749 poetalsuit,
2491 1689 2570 1731 sive
2597 1689 2714 1732 inter-

290 1766 458 1824 polator,
487 1765 676 1823 siquidem
704 1766 821 1808 unius
849 1779 935 1807 esse
964 1778 1115 1807 omnem
1150 1764 1249 1807 hanc
1276 1771 1425 1822 partem
1461 1767 1501 1808 in
1532 1767 1751 1824 praesentia
1785 1766 2009 1816 statuimus,
2039 1779 2252 1823 exponere,
2281 1767 2450 1823 inquam,
2477 1766 2600 1810 voluit
2634 1769 2713 1810 sive

289 1845 524 1889 Phoenicem
547 1849 769 1887 narrantem
793 1843 973 1886 inducere
1000 1857 1082 1885 rem
1110 1844 1203 1885 satis
1233 1844 1452 1901 simplicem.
1497 1843 1661 1887 Dianam
1695 1843 1744 1886 ab
1780 1842 1922 1894 Oeneo,
1950 1845 2017 1900 qui
2051 1843 2250 1901 Calydone
2285 1852 2481 1901 regnaret,
2517 1846 2557 1886 in
2593 1847 2711 1888 sacris

290 1923 480 1967 faciundis
521 1923 734 1981 neglectam
790 1937 927 1980 aprum
968 1923 1134 1979 ingentis
1197 1921 1473 1979 magnitudinis
1527 1922 1804 1979 (Calydonium
1845 1936 1959 1979 quem
2003 1922 2122 1981 vulgo
2165 1923 2320 1978 vocant)
2370 1924 2409 1964 in
2451 1911 2583 1981 agros⁴
2610 1923 2712 1967 illius

292 2005 507 2046 immisisse.
565 1985 705 2050 Quem¹
728 2001 797 2043 ubi
840 1999 1035 2056 Meleager
1078 2000 1180 2041 filius
1222 2002 1325 2056 regis
1370 2015 1490 2057 quum
1533 2000 1697 2043 aliorum
1725 2001 1883 2058 adjutus
1936 2001 2083 2043 auxilio
2112 2006 2193 2043 tum
2230 2000 2415 2043 Curetum
2450 2001 2490 2045 h.
2533 2016 2567 2044 e.
2605 2003 2711 2045 urbis

292 2082 496 2123 Pleuronis
550 2080 763 2122 incolarum
799 2077 1038 2128 confecisset,
1088 2078 1135 2119 de
1199 2081 1321 2135 capite
1367 2085 1406 2120 et
1439 2078 1537 2136 pelle
1580 2079 1683 2135 ejus,
1729 2081 1910 2136 praemiis
1957 2080 2093 2121 victori
2131 2064 2377 2138 propositis,
2420 2082 2710 2132 contentionem,

293 2162 387 2216 quin
415 2162 528 2202 etiam
556 2158 698 2201 bellum
727 2160 826 2200 inter
847 2156 1006 2199 Curetes
1035 2162 1073 2198 et
1095 2157 1269 2207 Aetolos,
1298 2158 1336 2198 h.
1367 2172 1398 2199 e.
1428 2159 1527 2200 inter
1547 2157 1774 2201 Pleuronios
1803 2162 1842 2200 ct
1869 2156 2119 2216 CalydonioS,
2147 2160 2352 2202 exarsisse.
2383 2158 2444 2202 Ac
2470 2159 2709 2219 primoqui-

290 2239 377 2280 dem
406 2239 591 2295 quamdiu
611 2238 804 2294 Meleager
827 2236 1066 2293 Calydonem
1095 2251 1118 2277 a
1138 2235 1341 2278 Curetibus
1371 2236 1567 2278 obsessam
1593 2235 1823 2287 defenderet,
1850 2236 1924 2278 hos
1951 2238 2020 2279 vix
2048 2250 2093 2280 ac
2120 2250 2169 2280 nc
2197 2238 2265 2279 vix
2293 2236 2446 2294 quidem
2484 2237 2711 2281 sustinuisse

289 2317 460 2358 hostium
489 2318 723 2373 eruptiones.
780 2316 919 2357 Fuisse
955 2320 1081 2356 autem
1112 2316 1151 2355 in
1173 2314 1356 2356 Curetum
1383 2329 1544 2356 numero
1578 2314 1734 2357 fratrem
1770 2313 2139 2366 Althaeae,.matris
2181 2314 2379 2373 Meleagri,
2422 2313 2573 2358 Thestii
2607 2316 2709 2373 regis
2751 2335 2758 2343 =

290 2395 585 2438 Pleuroniorum
613 2395 724 2437 filiae.
781 2394 904 2444 Quem
932 2408 1052 2451 quum
1080 2392 1276 2451 Meleager
1303 2395 1342 2435 in
1373 2393 1471 2436 bello
1516 2395 1589 2447 (sic
1615 2407 1719 2436 nunc
1746 2399 1846 2437 certe
1874 2394 2120 2437 statuendum
2148 2395 2224 2449 est)
2265 2393 2477 2444 occidisset,
2504 2393 2709 2438 Althaeam

288 2480 451 2517 mortem
478 2474 557 2516 filio
593 2475 840 2531 imprecatam
877 2487 979 2523 esse,
1008 2472 1111 2514 hunc
1148 2477 1273 2514 autem
1310 2478 1593 2515 succensentem
1629 2487 1652 2515 a
1686 2471 1774 2515 belli
1803 2486 1844 2516 se
1882 2474 2062 2516 societate
2096 2473 2314 2530 sejunxisse
2351 2478 2390 2515 et
2423 2473 2463 2514 in
2495 2472 2705 2530 penetralia

289 2553 439 2595 aedium
469 2552 674 2595 abdidisse.
709 2551 915 2609 Extemplo
943 2565 1130 2594 conversa
1151 2550 1238 2593 belli
1262 2551 1417 2593 fortuna
1437 2549 1658 2607 compulsos
1676 2564 1760 2593 esse
1789 2549 1837 2593 ab
1859 2550 2037 2594 hostibus
2065 2553 2106 2594 in
2124 2553 2275 2595 moenia
2297 2549 2533 2608 Calydonius
2553 2550 2708 2594 urbem-

288 2647 364 2687 que
392 2631 441 2673 ab
469 2631 543 2673 illis
572 2638 848 2688 oppugnatam.
904 2629 991 2671 Jam
1032 2629 1181 2687 legatos
1218 2629 1369 2686 publice
1399 2632 1558 2679 missos,
1597 2632 1664 2686 qui
1691 2629 1932 2686 Meleagrum
1961 2629 2011 2672 ad
2037 2633 2203 2687 patriam
2230 2628 2504 2671 defendendam
2531 2629 2708 2686 precibus

287 2711 524 2765 maximique
568 2710 822 2765 promissione
859 2709 1019 2765 praemii
1060 2712 1338 2764 permoverent,
1381 2707 1450 2749 sed
1488 2705 1644 2749 frustra.
1712 2706 1876 2749 Frustra
1932 2706 2052 2750 eidem
2095 2713 2255 2766 patrem,
2301 2721 2455 2749 sorores
2470 2707 2520 2762 ⁴),
2563 2706 2708 2752 frustra

287 2789 424 2845 ipsam,
453 2801 552 2845 quae
582 2787 770 2829 detestata
797 2792 907 2837 esset,
935 2791 1106 2837 matrem,
1135 2784 1280 2828 frustra
1314 2787 1533 2828 carissimos
1570 2785 1712 2827 amicos
1763 2785 2010 2843 supplicasse,
2044 2799 2115 2828 nec
2147 2786 2257 2842 prius
2292 2783 2400 2827 illum
2429 2822 2431 2824 .
2454 2784 2631 2829 hostibus
2666 2802 2707 2830 se

288 2866 488 2922 objecisse,
510 2880 627 2923 quam
656 2867 780 2922 ipsius
808 2864 999 2906 thalamus
1028 2864 1112 2907 telis
1125 2869 1402 2921 percuteretur,
1430 2865 1470 2905 in
1498 2877 1620 2920 eoque
1643 2862 1726 2919 jam
1741 2877 1803 2906 res
1817 2868 1929 2915 esset,
1958 2868 2002 2906 ut
2022 2862 2182 2906 Curetes
2202 2865 2352 2905 moenia
2364 2862 2610 2907 ascenderent
2636 2879 2702 2908 ur·

288 2944 448 3002 bemque
491 2944 785 2987 inflammarent.
842 2942 943 2984 Tum
998 2942 1148 2984 demum
1186 2942 1425 3000 Meleagrum
1460 2941 1638 2999 precibus
1669 2940 1895 3000 Cleopatrae
1928 2944 2067 2985 uxoris
2104 2940 2311 2999 impulsum
2351 2956 2457 2984 arma
2491 2945 2635 3000 cepisse
2669 2950 2707 2986 et

288 3022 474 3080 pellendis
503 3022 683 3065 hostibus
712 3020 848 3064 urbem
878 3019 925 3062 ab
956 3019 1104 3062 excidio
1134 3020 1357 3064 vindicasse.
1416 3019 1496 3063 Sed
1525 3022 1616 3078 quia
1644 3022 1791 3065 ratione
1812 3035 1904 3064 suae
1925 3026 2075 3064 tantum
2103 3020 2238 3064 salutis
2267 3018 2410 3071 habita,
2433 3019 2538 3065 nulla
2566 3023 2703 3066 civium

492 3184 525 3224 ¹)
551 3186 567 3218 1
591 3197 622 3227 p.
646 3179 841 3218 245-248.

490 3241 523 3281 ²)
548 3244 666 3275 Philol.
691 3243 749 3283 Ν,
773 3238 796 3274 4
822 3252 853 3283 p.
877 3236 1071 3274 583-584.

488 3297 522 3341 ⁸)
547 3301 608 3333 Die
633 3302 845 3343 sagenpoesie
869 3301 927 3332 der
951 3299 1123 3333 Griechen.
1170 3300 1433 3343 Braunschvmig,
1459 3300 1693 3334 Schwetschke
1718 3299 1748 3334 δι
1772 3302 1865 3342 sohu,
1888 3302 1904 3335 1
1928 3313 1961 3344 p.
1990 3297 2178 3335 147-148.

489 3355 524 3398 ⁴)
548 3355 755 3401 κασίγνηται
780 3360 878 3398 enim,
903 3369 968 3392 non
992 3353 1197 3400 κασίγνητοι
1221 3359 1413 3393 Aristarcho
1438 3361 1648 3401 probabatur.
1672 3370 1704 3393 v.
1725 3360 1824 3393 schol.
1850 3360 1880 3392 A
1903 3346 1996 3393 adv
2020 3355 2097 3393 584.
