2950 3889
1458 258 1520 307 14

260 410 281 439 a
314 394 525 440 Nicandro.
585 396 714 453 ltaque
743 404 782 440 et
810 395 963 448 bellum,
995 398 1102 455 quod
1132 414 1152 442 a
1185 399 1399 443 Pleuroniis
1430 397 1657 457 Calydoniis
1686 398 1889 450 inieratur,
1924 407 2017 459 post
2050 402 2198 444 occisos
2233 398 2386 443 demum
2413 396 2565 442 Thestii
2597 397 2699 442 filios

259 483 481 534 susceptum
516 491 599 518 esse
629 484 792 519 narrant
821 477 870 519 ad
907 480 1013 536 ipsas
1047 494 1194 536 poenas
1232 478 1359 521 caedis
1391 477 1620 536 repetendas
1656 484 1695 520 et
1721 478 1923 536 pugnandi
1952 481 2194 530 societatem,
2231 484 2278 522 ut
2304 483 2602 521 consentaneum
2626 487 2696 527 est,

255 555 339 612 jam
368 570 391 598 a
415 555 603 613 principio
633 568 655 596 a
680 553 879 615 Meleagro
906 556 1175 609 detrectatam;
1202 564 1408 614 utrumque
1430 556 1677 599 dissentiente
1699 555 1882 605 Homero,
1910 558 2170 601 consentiente
2191 563 2326 601 eontra
2346 555 2554 602 Nicandro.
2591 555 2696 600 Tum

258 636 473 678 exsecratio
502 636 636 676 matris
665 636 703 676 in
733 634 795 677 his
823 650 981 694 quoque
1010 634 1296 679 narrationibus
1323 637 1424 678 sieut
1452 634 1557 693 apud
1584 634 1748 678 cundem
1777 633 2014 678 Nicandrum
2043 637 2178 679 titione
2206 636 2409 680 combusto
2438 637 2565 679 minus
2593 641 2696 678 recte

259 713 487 756 cumulatur.
545 695 728 769 Denique⁴
747 729 829 756 non
856 714 1127 771 negligendum
1157 719 1216 755 est
1244 716 1277 755 si
1307 716 1436 755 minus
1454 712 1663 756 Eustathio
1692 718 1733 754 at
1760 712 1980 755 scholiastis
2009 713 2172 756 testibus
2193 728 2354 773 magnas
2375 704 2574 764 Curetum,
2601 714 2641 756 h.
2662 728 2696 756 c.

258 793 433 849 inprimis
463 790 616 833 Thestii
646 791 834 842 filiorum,
871 794 910 834 in
946 790 1179 834 instituenda
1215 794 1416 834 venatione
1452 792 1570 834 fuisse
1609 792 1809 849 partes¹)3
1838 789 1878 832 id
1906 790 2011 848 quod
2041 793 2130 834 item
2158 806 2199 834 se
2228 791 2395 835 habebat
2422 792 2528 852 apud
2555 792 2697 837 Nican-

258 871 384 913 drum.
442 868 494 912 Ut
522 875 634 912 tanto
664 872 791 913 minus
821 869 868 912 ab
896 869 1080 912 Atalanta
1111 871 1221 912 rixae
1250 885 1407 914 eausam
1435 872 1557 929 repeti
1593 883 1747 914 neeesse
1774 869 1900 912 suerit.

461 948 550 991 Jam
581 949 674 1006 quid
704 963 754 992 ex
785 949 844 991 his
873 948 1126 1005 colligamus?

462 1027 668 1075 Differunt,
698 1042 796 1083 quae
825 1026 928 1084 apud
950 1026 1046 1069 alios
1063 1034 1199 1085 poetas
1228 1030 1276 1071 ‹le
1292 1030 1479 1089 Meleagri
1508 1030 1665 1072 fortuna
1694 1027 1836 1071 tradita
1866 1028 2035 1078 suerunt,
2063 1028 2111 1070 ab
2127 1028 2341 1071 Homericis
2368 1028 2431 1070 his
2451 1030 2695 1086 potissimum

257 1107 386 1150 rebus.
446 1105 619 1148 Primum
648 1090 822 1149 rixarum
851 1095 1054 1164 caedisq'ue
1083 1123 1199 1150 causa
1229 1110 1334 1166 apud
1366 1109 1508 1150 multos
1537 1107 1724 1150 Atalanta
1752 1110 1882 1149 extitit
1910 1108 1988 1164 [a],
2016 1108 2128 1164 cujus
2156 1109 2299 1148 mentio
2320 1107 2368 1148 ab
2386 1107 2558 1149 Homero
2581 1107 2695 1165 plane

258 1187 387 1236 abestt,
415 1183 553 1228 deinde
582 1183 716 1227 caedes
733 1180 849 1242 'apud
878 1185 1049 1242 reliquos
1078 1200 1158 1228 uno
1187 1193 1351 1244 excepto
1379 1201 1438 1237 eo,
1467 1201 1581 1244 quem
1609 1185 1878 1243 Apollodorus
1907 1187 1946 1228 in
1976 1192 2076 1244 post.
2104 1199 2209 1228 narr.
2239 1187 2427 1243 sequitur,
2464 1199 2597 1229 omnes
2627 1191 2697 1244 aut

259 1269 298 1309 in
327 1268 412 1323 ipsa
439 1264 641 1306 venatione
670 1270 738 1305 aut
766 1265 949 1305 continuo
978 1270 1070 1321 post
1098 1279 1181 1307 eam
1212 1265 1310 1308 sacta
1341 1274 1400 1308 est
1428 1266 1506 1323 [b]3
1536 1272 1619 1308 tum
1642 1264 1782 1307 bellum
1812 1264 1996 1308 Curetum
2025 1272 2063 1307 et
2090 1263 2319 1308 Aetolorum
2347 1278 2400 1307 ex
2427 1263 2694 1323 vulgatissima

258 1344 409 1387 fabulae
439 1342 562 1384 forma
592 1340 665 1383 suit
692 1341 839 1383 nullum
865 1341 937 1399 [c];
962 1355 1097 1399 porro,
1127 1356 1248 1399 quum
1278 1345 1315 1385 in
1344 1343 1559 1387 Homericis
1587 1342 1757 1386 Althaea
1785 1344 1993 1401 imprecata
2022 1334 2290 1386 tantummodo
2318 1355 2403 1384 esse
2422 1348 2586 1386 mortem
2614 1341 2694 1385 filio

255 1426 448 1471 narretur,
476 1419 540 1463 alii
570 1434 648 1462 non
676 1421 791 1478 pauci
821 1421 1013 1471 titionem,
1049 1433 1126 1478 quo
1164 1421 1242 1464 vita
1271 1420 1458 1479 Meleagri
1487 1423 1765 1472 contineretur,
1808 1435 1831 1464 a
1860 1430 1981 1465 matre
2017 1419 2259 1464 combustum
2288 1425 2356 1463 aut
2382 1421 2422 1463 in
2450 1420 2553 1464 illius
2581 1435 2694 1465 exse·

255 1501 438 1545 erationis
482 1498 607 1541 locum
638 1498 923 1541 substituerunt
965 1506 1033 1541 aut
1060 1500 1093 1542 ei
1123 1501 1246 1542 otiose
1277 1499 1544 1557 adjunxerunt
1571 1499 1651 1558 [d];
1699 1499 1876 1557 denique,
1900 1485 2033 1557 'quum
2073 1498 2179 1557 apud
2206 1497 2418 1542 Homerum
2455 1500 2528 1542 nisi
2557 1500 2695 1542 tectius

255 1595 334 1624 non
364 1578 566 1628 indicetur,
596 1592 648 1620 ex
678 1577 770 1619 odio
800 1579 934 1620 matris
965 1583 1117 1620 matura
1148 1584 1271 1620 morte
1301 1578 1543 1635 Meleagrum
1574 1580 1787 1621 extinctum
1818 1593 1922 1628 esse,
1957 1577 2097 1634 reliqui
2131 1591 2264 1620 omnes
2300 1592 2379 1620 non
2416 1576 2544 1620 solum
2572 1577 2620 1621 de
2647 1592 2694 1621 eo

257 1664 558 1705 consenserunt,
588 1656 654 1699 sed
672 1658 786 1700 etiam
815 1659 1035 1700 universam
1058 1656 1226 1700 fabulam
1258 1656 1307 1700 ad
1337 1657 1374 1699 id
1406 1659 1531 1715 ipsum
1555 1657 1762 1700 voluerunt
1782 1656 1906 1700 redire
1929 1657 2001 1715 [e]:
2028 1661 2225 1715 postremo
2245 1655 2349 1714 apud
2371 1656 2540 1714 reliquos
2560 1672 2693 1700 cinnes

255 1753 335 1782 non
364 1737 411 1781 de
439 1751 519 1780 uno
549 1735 616 1780 sed
645 1735 693 1778 de
720 1735 899 1793 pluribus
928 1735 1117 1780 Althaeae
1146 1735 1331 1779 fratribus
1360 1738 1495 1779 occisis
1525 1736 1592 1794 [l],
1623 1736 1727 1795 apud
1756 1736 1962 1795 plerosque
1991 1742 2189 1794 praeterea
2224 1735 2288 1791 (id
2316 1735 2422 1793 quod
2452 1751 2572 1794 supra
2601 1738 2693 1779 mis-

255 1833 342 1860 sum
364 1817 488 1859 facere
510 1815 663 1868 licebat)
693 1813 741 1856 de
761 1813 990 1856 voluntariis
1011 1817 1143 1857 matris
1171 1822 1209 1857 et
1230 1817 1367 1858 uxoris
1389 1815 1576 1872 Meleagri
1598 1816 1788 1858 mortibus
1810 1816 2086 1871 sororibusque
2114 1815 2164 1856 ob
2182 1816 2343 1857 nimium
2368 1815 2514 1857 luctum
2544 1817 2583 1856 in
2603 1829 2692 1856 aves

255 1895 540 1939 transformatis
570 1892 628 1949 [g]
658 1891 844 1935 traditum
874 1891 956 1935 fuit.

458 1973 519 2016 Ac
542 1975 709 2030 primum
733 1971 940 2014 Atalantae
955 1970 1011 2028 [a]
1038 1987 1085 2014 ne
1109 1973 1190 2028 jam
1212 1974 1249 2014 in
1272 1975 1540 2030 antiquissima
1562 1973 1713 2016 fabulae
1732 1973 1876 2023 forma,
1906 1972 1955 2015 ad
1984 1987 2098 2029 quam
2128 1989 2188 2014 vv.
2207 1972 2291 2020 533
2301 1972 2443 2016 —549.
2472 1969 2693 2014 557—572

255 2058 438 2111 spectent,
467 2050 621 2093 easdem
650 2058 782 2107 partes
812 2050 930 2092 fuisse
960 2053 1212 2108 suspicemur,
1241 2068 1339 2109 quae
1370 2052 1474 2110 apud
1502 2054 1738 2109 posteriores
1768 2053 1938 2102 suerunt,
1963 2050 2194 2109 Apollodori
2225 2055 2343 2109 (post.
2371 2051 2473 2103 loeo)
2503 2057 2542 2090 et
2562 2049 2691 2091 Anto-

253 2135 334 2175 nini
366 2130 552 2175 Liberalis
580 2129 785 2172 relationes
814 2129 1071 2179 intercedunt,
1114 2132 1153 2171 in
1183 2131 1324 2188 quibus
1362 2131 1456 2174 alias
1490 2146 1633 2188 easque
1668 2130 1828 2174 idoneas
1863 2130 2114 2172 conflictionis
2150 2145 2287 2174 causas
2315 2130 2451 2180 allatas
2479 2127 2690 2170 videamus.

254 2212 398 2255 Eadem
427 2212 529 2252 ratio
551 2215 611 2252 est
636 2210 781 2251 titionis
811 2224 833 2251 a
863 2215 984 2251 matre
1012 2208 1202 2252 combusti
1230 2210 1308 2267 [d]‚
1346 2225 1423 2267 quo
1459 2210 1564 2268 quod
1597 2209 1773 2253 effectum
1811 2209 2017 2252 voluerunt
2052 2209 2110 2251 vel
2139 2211 2403 2252 exsecratione
2433 2208 2566 2249 matris
2593 2205 2690 2248 effici

255 2305 409 2333 neeesse
437 2295 534 2331 erat.
592 2287 723 2336 Quid?
751 2288 858 2344 quod
887 2292 934 2329 ne
963 2287 1011 2330 de
1039 2302 1118 2329 uno
1149 2289 1301 2345 quidem
1333 2290 1523 2331 avunculo
1552 2291 1679 2331 occiso
1716 2288 1812 2345 ([l'],
1841 2287 1888 2330 cs.
1919 2303 1953 2330 ν.
1983 2288 2089 2342 567)
2125 2287 2338 2347 quidquam
2376 2290 2481 2345 cogit
2508 2292 2551 2327 ut
2579 2284 2692 2327 dubi-

258 2375 394 2411 temus.
452 2368 509 2409 At
537 2379 693 2408 sorores
723 2368 760 2408 in
790 2379 879 2408 aves
909 2380 1116 2409 conversas
1142 2366 1201 2425 [g]
1232 2368 1499 2426 antiquissima
1530 2374 1636 2411 aetas
1666 2368 1733 2409 vix
1762 2371 1943 2418 noverat3
1973 2379 2069 2424 quae
2098 2379 2236 2408 rursus
2265 2364 2313 2408 de
2333 2365 2468 2408 matris
2496 2370 2535 2407 et
2561 2364 2699 2406 uxoris

257 2446 449 2490 mortibus
480 2445 539 2504 [g]
569 2443 663 2502 quid
693 2446 864 2494 senserit,
891 2444 1004 2503 plane
1034 2447 1073 2488 in
1104 2445 1227 2489 medio
1258 2452 1317 2489 est
1345 2446 1624 2505 reliquendum.

460 2523 548 2566 Jam
579 2537 670 2565 vero
702 2522 805 2580 quod
835 2537 954 2582 supra
983 2528 1021 2567 ct
1055 2538 1106 2566 ex
1137 2524 1262 2568 verbis
1299 2530 1338 2568 et
1373 2540 1423 2568 cx
1453 2527 1538 2584 ipsa
1567 2524 1846 2568 exsecrationis
1882 2528 2078 2567 maternae
2106 2524 2307 2567 sanctitate
2335 2517 2606 2572 conclusimus,
2637 2520 2697 2564 vel

255 2619 342 2648 eum
373 2603 441 2661 qui
471 2617 532 2644 vv.
561 2599 796 2647 533—549.
824 2601 1043 2646 557-572
1077 2604 1280 2646 inseruerit
1309 2602 1550 2662 Meleagrum
1581 2610 1734 2646 matura
1755 2608 1877 2645 morte
1903 2603 2062 2660 periisse
2090 2601 2197 2652 velle,
2226 2617 2309 2644 eam
2338 2615 2442 2643 nunc
2469 2601 2694 2643 sententiam

255 2685 428 2727 omnium
458 2694 652 2724 consensu
682 2679 735 2737 [e]
772 2682 924 2738 egregie
959 2681 1175 2724 confirmari
1219 2690 1392 2739 apparet.
1451 2682 1550 2733 Sed,
1586 2683 1693 2740 quod
1731 2684 1898 2724 maxime
1935 2682 2232 2739 quaerebamus,
2272 2681 2346 2722 hoc
2380 2683 2480 2728 erat,
2517 2677 2611 2735 quid
2645 2677 2693 2721 de

254 2771 429 2820 tempore
449 2759 577 2802 caedis
597 2757 845 2801 statuendum
864 2765 970 2800 esset
992 2759 1062 2816 [b].
1107 2759 1228 2802 Vides
1244 2761 1321 2814 jam
1341 2774 1420 2802 uno
1442 2766 1606 2818 excepto
1627 2760 1871 2819 Apollodoro
1894 2761 1950 2813 (in
1974 2768 2078 2819 post.
2099 2760 2221 2815 narr.)
2243 2758 2291 2802 ab
2310 2756 2489 2800 omnibus
2517 2770 2601 2799 eam
2626 2762 2694 2799 aut

254 2845 294 2886 in
324 2844 409 2900 ipsa
437 2840 652 2888 venatione,
683 2843 752 2880 aut
780 2839 964 2878 continuo
993 2844 1082 2895 post
1108 2853 1191 2881 eam
1221 2840 1327 2896 poni,
1355 2840 1509 2882 minime
1538 2851 1650 2889 vero,
1679 2844 1723 2882 ut
1750 2853 1801 2882 ex
1830 2838 2056 2890 Homericis,
2085 2837 2214 2896 qualia
2243 2850 2346 2881 nune
2374 2841 2479 2887 sunt,
2510 2834 2693 2894 colligen-

255 2922 349 2965 dum
378 2920 461 2969 suit,
491 2921 529 2960 in
559 2916 672 2963 bello,
702 2914 807 2973 quod
839 2916 965 2972 major
990 2930 1079 2973 pars
1109 2918 1261 2959 testium
1292 2919 1451 2959 omnino
1481 2918 1647 2975 ignorat.
1705 2916 1948 2975 Quamquam
1974 2930 2025 2960 ex
2056 2916 2130 2959 hoe
2158 2929 2321 2959 numero
2350 2915 2409 2964 iis,
2438 2927 2536 2970 quos
2566 2915 2690 2971 primo

256 3011 394 3058 genere
423 3010 543 3054 supra
571 2992 858 3052 comprehendi,
881 3006 960 3034 non
990 2995 1146 3036 nimium
1176 2994 1423 3037 tribuendum
1452 3007 1536 3037 essc
1572 2995 1653 3053 ipsc
1689 2994 1873 3053 intelligo.
1931 2993 2063 3038 Secuti
2096 2994 2195 3037 enim
2235 2990 2413 3034 videntur
2448 2990 2689 3049 Euripidem:

255 3077 391 3135 tragici
428 3080 555 3118 autem
593 3079 730 3134 poetae
774 3074 959 3115 interesse
996 3077 1193 3129 potuerat,
1230 3079 1275 3116 ut
1310 3073 1441 3116 omnia
1479 3085 1592 3129 quam
1633 3073 1796 3116 minimis
1835 3073 2020 3131 temporis
2057 3068 2266 3115 intervallis
2295 3070 2393 3112 inter
2421 3083 2461 3114 se
2490 3069 2688 3113 distarent.

257 3155 336 3199 Sed
364 3156 477 3198 etiam
506 3152 711 3203 Nicander,
755 3165 869 3209 quem
899 3165 950 3193 ex
978 3149 1162 3209 Euripide
1191 3165 1269 3194 non
1298 3150 1464 3209 pendere
1491 3141 1596 3209 patet
1624 3154 1684 3205 (ut
1705 3151 1838 3196 scholi.
1868 3150 1978 3195 ABD
2005 3149 2054 3194 ad
2084 3165 2118 3190 v.
2149 3147 2231 3193 534
2260 3154 2298 3191 et
2326 3147 2572 3193 Eustathium
2601 3150 2688 3192 mit-

463 3325 496 3367 Ι,δ
520 3328 651 3360 Scholi:
677 3317 901 3355 Καλυδώνιοι
926 3321 968 3355 δὲ
1000 3320 1072 3354 καὶ
1110 3318 1412 3366 Πλευρώνιοι
1439 3321 1619 3366 προῆλθον
1647 3322 1701 3356 ἐπὶ
1727 3325 1855 3356 τοῦτον
1881 3325 1955 3365 (int.
1982 3321 2042 3354 τὸν
2063 3322 2154 3362 σῦν).
