2950 3889
1426 230 1454 275 7

231 381 310 424 lum
347 374 552 432 ambiguae
591 371 881 430 significationis
917 387 1002 419 necv
1020 386 1091 429 per
1126 386 1180 421 se,
1217 370 1286 414 scd
1321 371 1483 416 aliorum
1519 371 1671 416 demum
1707 386 1780 429 ope
1816 370 1955 414 bellum
1991 370 2209 424 declarans3
2244 370 2388 416 suffieit
2428 386 2475 414 eo
2518 372 2655 421 minus,

234 455 340 514 quod
369 453 542 497 additum
572 456 631 492 est
658 449 845 500 κέλαδος,
873 449 1103 492 vocabulum
1133 450 1183 492 ad
1210 465 1273 492 res
1302 450 1455 494 bellicas
1484 454 1642 494 omnino
1668 465 1748 492 nou
1776 456 1953 507 spectans
1983 450 2047 504 (cl'.
2069 447 2253 508 ’Ἄρτεμις
2275 448 2506 508 κελαδεινή)
2537 465 2581 492 ac
2607 466 2655 492 ne

231 535 508 579 contentionem
538 527 691 586 quidem
720 527 939 586 significans
957 528 1004 583 ¹),
1033 527 1140 584 quod
1167 534 1213 571 ut
1242 529 1474 573 intellectum
1497 531 1620 588 juvet,
1649 534 1799 572 tantum
1829 528 1949 578 abest,
1978 535 2023 571 ut
2050 529 2242 587 impediat.
2300 530 2508 572 Assentior
2536 529 2655 585 igitur

231 613 375 666 Vossio
421 611 592 661 ‚Ananis
638 611 724 649 aber
775 610 902 661 meqt'
938 612 996 649 ein
1029 622 1178 659 moeses
1210 611 1322 660 μῶρ’
1368 614 1450 652 und
1478 613 1679 664 qoeammel‘
1717 609 1879 650 vertenti
1914 607 2156 664 coneedoque
2189 607 2308 651 videri
2338 614 2492 666 poetam
2527 607 2655 667 ἀυτήν

230 689 342 735 simili
376 701 494 731 sensu
530 687 707 744 posuisse
742 700 786 728 ac
812 684 984 727 κέλαδον
1013 684 1279 743 (‚tumultum‘)
1307 686 1356 730 de
1383 689 1597 730 rixantium
1627 693 1684 736 et,
1717 689 1755 747 >si
1785 688 1839 728 ita
1867 688 1944 736 vis,
1975 700 2129 728 manum
2158 689 2437 730 conserentium
2467 686 2655 729 vocifera-

229 772 344 819 tione,
386 772 432 809 ut
480 765 696 822 conjunctis
745 764 870 807 πολὺν
922 763 1095 807 κέλαδον
1127 771 1167 808 et
1214 758 1343 826 ἀοι-ἧν
1390 766 1486 810 nihil
1520 748 1598 810 nisi
1652 768 1933 810 contentionem
1961 771 2000 807 et
2045 763 2207 808 fortasse
2244 765 2412 809 subitum
2462 764 2652 823 proelium

229 855 362 892 notare
390 843 513 894 vellet,
543 857 641 899 quae
677 843 776 884 inter
805 842 962 886 Curetes
990 849 1029 886 et
1055 842 1219 886 Aetolos
1247 846 1286 887 in
1320 847 1406 903 ipsa
1439 848 1642 889 venatione
1679 844 1750 887 dea
1788 846 1885 886 irata
1915 845 2132 886 excitasset.
2189 843 2268 886 Sed
2303 845 2357 886 sic
2398 843 2555 886 ubinam
2592 844 2652 885 in·

227 927 393 970 dicatum
414 928 482 965 est
510 936 531 963 a
559 922 802 963 contentione
832 921 879 962 ad
904 921 1055 977 justum
1085 920 1226 964 bellum
1265 929 1492 980 perventum
1528 929 1567 966 et
1596 923 1835 981 Calydonem
1866 938 1887 964 a
1919 922 2125 964 Curetibus
2153 920 2349 964 obsessam
2376 920 2487 964 esse?
2543 920 2651 978 Ergo

228 1004 302 1045 hoc
329 1001 442 1058 plane
470 999 588 1048 deest,
619 1012 738 1054 quum
766 997 872 1038 nullo
901 997 1016 1039 modo
1044 998 1191 1049 debeat,
1220 1015 1310 1042 nam
1339 1001 1444 1057 quod
1480 1017 1600 1060 supra
1636 1001 1859 1046 529—532
1888 1010 1992 1042 extra
2021 1004 2184 1041 ordinem
2212 1004 2437 1041 narrationis
2466 1008 2650 1055 tanquam

227 1078 326 1123 tituli
356 1077 440 1120 loco
469 1076 517 1119 de
546 1074 745 1132 Calydone
773 1075 863 1118 olim
892 1091 915 1118 a
945 1075 1151 1120 Curetibus
1179 1078 1336 1122 obsessa
1366 1078 1508 1123 dictum
1536 1086 1631 1131 erat,
1659 1080 1746 1123 ideo
1775 1095 1855 1123 non
1884 1079 2021 1122 licebat
2045 1079 2149 1122 istud
2177 1092 2250 1121 suo
2279 1077 2363 1121 loco
2392 1080 2432 1120 in
2458 1079 2542 1134 ipsa
2571 1078 2651 1119 sin·

140 1182 153 1193 ·
226 1157 421 1217 gulorum,
448 1162 494 1197 ut
520 1154 655 1196 ordine
684 1160 793 1211 gesta
820 1160 957 1206 essent,
984 1149 1234 1213 expositione*
1257 1155 1407 1198 silentio
1435 1160 1657 1214 praeterire.
1715 1158 1843 1201 Multo
1881 1159 2007 1201 minus
2036 1174 2059 1199 a
2087 1164 2203 1215 poeta
2223 1163 2282 1199 est
2309 1154 2554 1212 explicatum,
2584 1156 2651 1210 qui

225 1251 344 1295 porro
373 1233 513 1278 factum
541 1239 653 1283 esset,
678 1240 722 1275 ut
750 1232 914 1275 duorum
944 1233 1194 1292 populorum,
1220 1236 1319 1277 inter
1354 1250 1454 1292 quos
1483 1235 1623 1279 bellum
1663 1243 1875 1288 exarserat,
1907 1251 1988 1279 non
2014 1234 2212 1279 Pleurouii
2248 1251 2272 1278 a
2301 1233 2547 1293 Calydoniis,
2583 1231 2651 1275 sed

227 1314 430 1371 Calydonii
458 1328 480 1354 a
511 1311 725 1353 Pleuroniis
753 1312 950 1354 obsidione
978 1318 1263 1370 premerentur3
1291 1328 1526 1370 quamquam
1552 1329 1623 1371 per
1651 1330 1692 1357 se
1720 1315 1813 1357 illud
1842 1330 1922 1357 non
1944 1317 2070 1357 minus
2090 1321 2245 1371 poterat
2262 1314 2357 1364 fieri,
2386 1326 2503 1370 quam
2525 1311 2610 1352 hoc.

427 1392 629 1434 Peccatum
658 1398 716 1433 est
744 1397 868 1433 autem
897 1407 978 1434 non
1002 1392 1077 1434 hoe
1103 1407 1183 1434 uno
1212 1393 1251 1434 in
1294 1407 1377 1434 eam
1421 1400 1581 1450 partem,
1610 1400 1664 1444 ut,
1695 1394 1787 1436 dum
1821 1409 1984 1451 prorsus
2011 1393 2161 1435 inutilia
2181 1400 2219 1434 et
2239 1390 2400 1434 molesta
2419 1389 2649 1445 (557-64)

225 1471 548 1520 admiscebantur,
575 1485 713 1512 rursus
756 1472 1033 1521 omitterentur,-
1060 1487 1158 1528 quae
1193 1470 1253 1514 vel
1278 1473 1563 1529 perspicuitatis
1598 1472 1657 1515 vel
1691 1472 1945 1516 absolvendae
1972 1473 2205 1515 narrationis
2243 1486 2360 1513 causa
2394 1470 2484 1514 addi
2527 1485 2647 1527 opor·

224 1552 339 1594 tebat.
393 1549 492 1591 Nam
536 1550 669 1597 etiam,
711 1564 807 1605 quae
853 1550 1031 1592 avunculi
1041 1552 1080 1604 2)
1119 1566 1140 1592 a
1194 1549 1391 1607 Meleagro
1452 1551 1636 1593 interfecti
1673 1557 1775 1593 esset
1810 1553 1929 1601 ratio,
1972 1551 2085 1607 plane
2132 1552 2305 1606 ignorari
2355 1557 2468 1605 poeta
2513 1549 2647 1597 voluit,

224 1644 344 1687 neque
380 1629 488 1685 cujas
535 1627 597 1669 ille
640 1634 741 1669 esset
781 1628 934 1679 docens,
980 1643 1106 1685 neque
1154 1643 1224 1670 cur
1265 1643 1288 1670 a
1317 1627 1515 1685 Meleagro
1555 1631 1722 1679 occisus,
1777 1645 1902 1686 neque
1952 1629 2161 1686 quomodo.
2217 1628 2396 1670 Diximus
2443 1643 2516 1669 nos
2560 1629 2647 1683 qui-

224 1708 312 1750 dam
348 1721 467 1764 supra
496 1708 535 1748 in
564 1721 713 1748 summa
736 1709 855 1748 totius
883 1707 956 1749 loci
984 1707 1213 1765 explicanda
1247 1706 1365 1749 fuisse
1392 1707 1497 1749 hunc
1526 1707 1708 1764 Meleagri
1737 1708 1969 1750 avunculum
2014 1708 2202 1750 Althaeae
2240 1707 2409 1756 fratrem,
2436 1709 2539 1763 regis
2569 1706 2648 1749 Cu-

223 1791 346 1828 retum
374 1784 493 1825 filium
523 1790 561 1826 et
582 1786 748 1826 occisum
776 1799 859 1826 esse
887 1787 926 1826 in
954 1787 1040 1842 ipso
1071 1786 1182 1836 bello,
1210 1785 1280 1827 sed
1304 1785 1379 1827 hoc
1407 1785 1571 1826 alterum
1599 1800 1686 1827 cum
1715 1786 1925 1828 Welckero
1941 1788 1980 1840 ⁸)
2009 1787 2230 1842 conjectura
2260 1785 2371 1826 nobis
2392 1783 2648 1842 colligendum

222 1870 315 1914 erat,
360 1865 468 1921 prius
512 1877 533 1905 e
571 1862 721 1921 vulgari
755 1877 884 1905 rerum
921 1864 1110 1922 Meleagri
1143 1865 1329 1906 memoria
1365 1870 1531 1905 ceterum
1562 1863 1774 1907 Homericis
1802 1864 2053 1907 dissimillima
2082 1863 2384 1910 adsciscendum.
2444 1863 2563 1905 Poeta
2592 1865 2644 1904 si-

222 1944 337 1985 lentio
366 1956 439 1984 suo
463 1941 525 1983 his
554 1940 733 1982 omnibus
758 1951 868 1984 ⁴atras
896 1944 1077 1986 tenebras
1106 1942 1285 1986 obduxit.

423 2018 489 2061 Ad
517 2003 623 2059 idem*
645 2032 769 2075 genus
798 2021 918 2063 altera
947 2023 1047 2063 certe
1075 2036 1126 2063 ex
1146 2027 1257 2079 parte
1286 2026 1444 2077 spectat,
1474 2020 1580 2077 quod
1609 2020 1656 2062 de
1685 2021 1883 2079 Meleagro
1913 2023 2041 2064 subita
2071 2027 2193 2063 morte
2223 2020 2429 2076 absumpto
2457 2036 2537 2062 non
2566 2030 2647 2063 tra·

221 2098 335 2141 ditur.
391 2096 490 2141 Nam
520 2110 639 2153 quum
660 2095 827 2140 Althaea
856 2103 1017 2141 mortem
1046 2098 1125 2141 filio
1154 2100 1361 2157 imprecata
1390 2112 1474 2141 esse
1495 2104 1675 2141 narretur
1702 2097 1939 2150 566-571‚
1965 2099 2122 2142 Furiam
2147 2107 2275 2141 autem
2302 2099 2458 2149 ,immite
2487 2112 2554 2141 cor
2576 2098 2647 2141 ha·

225 2176 388 2220 bentem‘
417 2189 549 2234 preces
579 2175 772 2218 audivisse
800 2177 891 2219 data
921 2191 1041 2235 opera
1068 2176 1236 2220 addatur
1263 2177 1517 2227 571—572‚
1548 2176 1642 2234 quid
1669 2175 1773 2220 aliud
1810 2184 2048 2229 statuamus,
2076 2180 2151 2221 nisi
2180 2177 2339 2234 intelligi
2369 2176 2463 2219 velle
2491 2183 2645 2234 poetam

221 2261 397 2298 eventum
426 2254 510 2297 illas
536 2253 717 2297 habuisse
747 2253 821 2297 hoc
848 2261 908 2298 cst
937 2254 1177 2313 Meleagrum
1219 2257 1418 2314 repentina
1453 2262 1576 2299 morte
1619 2257 1832 2298 extinctum
1873 2271 1968 2300 esse.
2024 2256 2124 2299 Nam
2160 2255 2294 2298 κλύειν
2322 2254 2438 2311 (572)
2476 2255 2547 2295 etsi
2575 2267 2645 2310 per

221 2350 261 2378 se
289 2334 441 2394 quidem
471 2332 547 2391 (vel
575 2334 660 2391 ipso
690 2333 887 2390 hocloco)
917 2334 1012 2378 nihil
1042 2333 1148 2378 aliud
1176 2334 1345 2379 declarat
1372 2337 1447 2379 nisi
1475 2335 1610 2379 audire
1640 2334 1698 2378 vel
1725 2335 1954 2386 auscultare,
1985 2349 2079 2378 usus
2108 2340 2234 2377 tamen
2262 2334 2346 2390 ejus
2368 2332 2474 2376 verbi
2496 2331 2643 2375 Home-

220 2416 321 2456 ricus
350 2416 383 2456 is
412 2420 482 2463 est,
510 2418 566 2462 ut,
603 2427 720 2469 quum
758 2412 806 2455 de
840 2413 1125 2470 precationibus
1155 2413 1220 2475 *vel
1257 2413 1398 2457 auditis
1426 2414 1485 2457 vel
1523 2414 1723 2457 audiendis
1758 2416 1934 2471 ponitur,
1970 2415 2009 2455 in
2044 2415 2222 2454 universa
2259 2410 2425 2454 formula
2464 2414 2521 2454 vis
2551 2414 2642 2454 insit

195 2492 470 2535 ·exaudiendi:
499 2491 547 2542 A,
576 2491 642 2536 37.
671 2491 739 2536 43.
768 2490 862 2536 218.
884 2492 978 2535 451.
1007 2492 1101 2537 453.
1131 2492 1225 2536 457.
1256 2492 1306 2543 Ε,
1328 2493 1421 2536 121.
1449 2492 1481 2543 I,
1510 2492 1605 2537 509.
1635 2491 1684 2543 K,
1705 2492 1797 2536 278.
1829 2490 1924 2535 284.
1954 2490 2047 2534 295.
2079 2489 2126 2540 N,
2148 2489 2243 2534 303.
2273 2487 2322 2539 Ξ,
2344 2489 2438 2535 234.
2468 2488 2522 2538 Π,
2545 2490 2641 2536 236.

219 2570 311 2615 514.
339 2570 432 2615 527.
466 2569 512 2622 Ψ,
541 2570 634 2614 7711.
664 2569 756 2614 771.
787 2568 839 2617 Ω,
870 2569 952 2614 314
981 2569 1109 2626 (335).
1136 2569 1184 2626 β,
1214 2570 1307 2615 262.
1337 2568 1375 2619 δ,
1405 2569 1498 2621 762,
1528 2569 1621 2620 767,
1650 2584 1683 2620 ε,
1709 2569 1801 2612 445.
1831 2570 1866 2621 ζ,
1888 2570 1981 2614 324.
2009 2568 2111 2622 (328
2136 2566 2181 2611 cl.
2211 2582 2253 2626 η,
2288 2568 2336 2611 14
2358 2573 2461 2625 sqq.)
2491 2584 2516 2619 ι,
2544 2567 2639 2614 528.

219 2647 312 2692 536.
342 2663 378 2691 υ.
412 2648 500 2693 102.
556 2648 644 2691 Non
679 2648 835 2711 obstant
866 2655 1026 2706 propter
1060 2646 1250 2690 diversam
1285 2649 1360 2698 rei,
1396 2662 1494 2706 quae
1527 2649 1674 2705 agitur,
1709 2650 1898 2690 rationem
1935 2648 2046 2689 haec:
2077 2647 2123 2697 A,
2153 2647 2248 2691 357.
2286 2662 2325 2701 γ,
2355 2646 2449 2691 385.
2475 2662 2513 2698 1,
2543 2647 2638 2692 481.

219 2725 350 2782 Atque
378 2726 475 2770 adeo
503 2741 604 2769 unus
634 2729 699 2783 qui
728 2726 923 2769 adversari
951 2725 1061 2768 nobis
1090 2726 1214 2782 possit
1240 2725 1358 2768 videri
1387 2725 1494 2768 locus
1522 2724 1575 2777 II,
1605 2726 1687 2770 249
1724 2728 1854 2784 potius
1893 2726 2004 2769 favet.
2063 2725 2151 2775 Quo
2188 2740 2308 2782 quum
2346 2727 2444 2768 inter
2479 2725 2639 2768 audicu-

220 2801 312 2845 dum
339 2810 378 2846 et
404 2805 688 2849 exaudiendum
717 2803 1029 2863 distinguendum
1056 2809 1167 2855 esset,
1194 2803 1234 2847 id
1262 2806 1388 2863 ipsum
1404 2806 1576 2848 renuisse
1604 2804 1718 2848 deum
1746 2805 1924 2864 precibus
1953 2804 2012 2847 vel
2039 2806 2171 2863 potius
2206 2818 2362 2863 precum
2391 2807 2512 2862 parti,
2543 2818 2636 2846 con-

428 3011 459 3056 ¹)
483 3015 573 3049 Cave
597 3018 683 3049 enim
707 3019 747 3049 de
770 3019 842 3058 ipss
866 3027 977 3058 pugna
1001 3017 1142 3058 accipias
1167 3027 1238 3049 voc.
1259 3009 1409 3046 κέλαδον
1433 3009 1472 3055 Σ,
1491 3011 1569 3049 530.
1595 3011 1633 3046 οἳ
1655 3008 1684 3044 ‹5'
1711 3011 1766 3050 ὡς
1788 3010 1851 3045 οὖν
1878 3002 2057 3045 ἐπύθοντο
2084 3009 2193 3045 πολὺν
2212 3008 2360 3044 κέλαδον
2380 3008 2476 3054 παρὰ
2492 3008 2638 3052 βουσίν,

225 3070 319 3110 cujus
343 3071 405 3104 loci
430 3075 470 3105 ad
494 3076 681 3116 exemplum
707 3076 794 3108 hunc
818 3076 840 3107 1.
863 3075 913 3107 IX
937 3085 1066 3107 versum
1090 3075 1274 3108 confectum
1297 3075 1498 3107 crediderim.
1543 3075 1634 3106 Nihil
1657 3075 1703 3105 ibi
1720 3067 1873 3107 κέλαδος
1895 3079 1945 3105 est
1968 3074 2030 3104 nisi
2047 3074 2207 3105 tumultus
2233 3083 2275 3104 ex
2299 3073 2471 3113 repentina
2495 3073 2641 3104 hostium

220 3126 414 3168 incursione,
438 3133 607 3171 pecoribus
632 3134 811 3174 abigendis,
835 3131 1020 3175 pastoribus
1044 3134 1227 3166 occidendis
1250 3137 1352 3166 ortus.

423 3182 457 3224 ²)
479 3187 544 3219 Vol
567 3189 829 3222 avunculorum?
875 3191 1021 3224 Fuerunt
1044 3192 1129 3223 enim
1152 3192 1209 3233 qui
1231 3185 1456 3231 κασιγνήτοιο
1481 3200 1513 3222 v.
1538 3185 1604 3220 567
1630 3199 1688 3230 pro
1719 3185 1965 3229 κασιγνητικοῦ
1998 3188 2140 3228 positum
2178 3192 2374 3225 statuerent,
2412 3198 2443 3218 v.
2470 3188 2574 3219 schol.
2601 3189 2640 3218 Α.

220 3240 289 3271 AB.
314 3240 351 3272 L.
376 3241 444 3273 DL.
468 3245 509 3275 ad
529 3255 563 3275 v.
586 3242 665 3279 557.

424 3295 460 3337 ι)
483 3298 546 3333 Dic
569 3303 691 3342 griech.
717 3305 888 3346 tragodien
907 3305 967 3338 mit
990 3305 1158 3338 rucksieht
1181 3304 1240 3338 auf
1261 3305 1322 3338 den
1347 3280 1499 3347 epischen
1524 3304 1636 3346 cyclus
1660 3304 1826 3344 geordnet,
1850 3302 1875 3342 1,
1901 3312 1932 3344 p.
1956 3297 2012 3334 22·
2038 3302 2079 3341 H,
2104 3296 2172 3333 756
2195 3307 2264 3334 ῐὶθῐ·
