2950 3889
1389 288 1452 337 21

223 454 228 459 -
403 426 469 473 Ne
493 412 636 487 longui
663 428 759 479 sim,-
777 426 968 485 quaen,
1011 428 1106 486 qun
1132 429 1393 474 mium-int
1419 443 1480 473 vv.
1507 426 1756 479 aas-478.
1790 442 1868 473 non
1896 428 2044 473 dubito.
2100 429 2145 473 lu
2179 428 2321 487 quibus
2355 426 2463 486 quoa
2490 441 2527 470 v.
2556 428 2638 473 ⁴57

207 496 711 566 (325e÷oe-1araffl6uaeoe
740 505 810 551 καὶ
836 503 981 566 ἐπαινὴ
1007 503 1317 566 Περσεφόνεια)
1344 521 1486 555 nomen
1513 505 1625 556 Ζεύς·
1657 505 1894 566 appellativa·
1919 511 2111 567 potestate
2137 521 2302 567 prorsus
2328 505 2540 555 insum
2566 518 2639 565 po-

207 588 332 633 situm
351 584 558 637 ineuntur,
585 585 620 630 ei
648 585 703 630 rei
730 588 938 644 propterca
962 597 1044 631 non
1069 585 1235 653 multum
1262 585 1483 639 tribuerim
1503 584 1610 644 quod
1637 587 1720 644 ipsc
1747 584 1813 633 ille,
1837 584 2050 631 versiculus
2078 586 2245 644 primum
2272 586 2407 632 abesse
2434 583 2545 633 fadi·
2565 595 2640 643 po-

208 656 302 713 tuit>
324 688 327 692 ·
351 663 434 709 Sed
460 662 663 709 offensioni
690 663 1070 724 suerunt‘praeterea
1096 679 1158 711 vv.
1186 662 1446 718 Aea—477,
1480 678 1645 723 quorum
1680 663 1786 709 vides
1825 669 1976 724 partem
2002 676 2089 708 esse
2116 678 2202 717 eos,
2235 665 2376 724 quibus
2407 677 2485 709 nos
2519 661 2638 709 modo

211 747 273 791 usi
300 757 458 793 sumus,
478 741 738 790 <eea-469.
796 742 926 796 Quum
960 745 1060 790 enim
1088 746 1128 791 in
1157 744 1218 792 bis
1235 743 1442 804 prioribus
1470 742 1726 801 (aea-469)
1758 744 1964 788 retinuisse
1993 742 2221 788 Phoenicem
2248 743 2453 789 tradantur
2474 743 2640 803 propin-

212 824 286 883 qui
305 827 346 868 et
372 820 580 868 familiares
607 821 786 881 precibus
814 824 1155 882 conviviorumque
1179 822 1338 877 deliciis,
1373 825 1414 870 in
1440 823 1722 883 posterioribus
1759 829 1888 869 autem
1922 821 2210 879 (470-477)
2247 823 2361 869 iidem
2395 822 2560 869 eundem
2597 824 2640 866 in

209 899 386 948 custodia
420 899 599 945 dicantur
625 900 818 954 habuisse,
847 901 921 946 bos
948 901 1050 949 duos
1077 914 1103 947 a
1129 899 1224 960 suga
1248 900 1479 960 prohibendi
1507 901 1645 946 modos
1684 901 1781 946 adeo
1812 903 1913 946 inter
1941 913 1983 944 se
2010 900 2229 960 (lisa-epate
2248 907 2388 945 censet
2413 901 2637 946 Friedlaen-

209 980 326 1025 derus
341 981 392 1034 ¹),
419 983 464 1022 ut
490 978 704 1035 conjunctis
731 978 806 1023 illis
833 990 915 1024 nou
939 979 1144 1037 potuerint
1163 979 1224 1022 uti
1249 977 1375 1022 iidem.
1425 978 1574 1025 Statuit
1600 981 1720 1038 igitur
1747 984 1869 1024 totam
1897 979 1998 1023 hauc
2024 986 2174 1037 partem
2203 980 2462 1033 (aaz-⁴77)
2489 979 2636 1025 confla-

210 1066 291 1103 tam
320 1071 406 1102 esse
435 1056 456 1101 e
482 1053 637 1101 duobus
665 1054 907 1102 diversorum
935 1061 1136 1102 auemrum
1165 1055 1259 1101 locis
1287 1055 1335 1102 de
1361 1056 1494 1102 eadem
1520 1072 1563 1102 re
1582 1056 1734 1103 diversa
1751 1058 2015 1102 narrantium.r
2050 1055 2126 1102 Uni
2144 1058 2357 1102 narrationi
2377 1057 2636 1114 (462-469)

210 1152 314 1182 nunc
339 1135 454 1180 finem
481 1135 626 1187 deesse,
649 1136 694 1180 in
721 1149 800 1193 quo
831 1133 1060 1183 Phoenicem
1086 1134 1163 1179 tale
1192 1134 1337 1193 aliquid
1363 1135 1510 1181 dixisse
1535 1136 1655 1181 videri
1685 1136 1808 1180 velut:
1843 1133 1924 1180 ἀλλ’
1964 1135 2068 1193 ἐμὸν
2104 1135 2239 1180 οὐκέτι
2276 1134 2414 1194 θυμὸν
2448 1135 2507 1180 ἐνὶ
2539 1137 2634 1197 στή-

213 1215 360 1259 θεσσιν
387 1213 557 1257 ἔπειθον
585 1214 651 1269 (cl'.
679 1230 716 1257 v,
742 1213 867 1267 587);
893 1212 1004 1256 alteri
1030 1215 1202 1265 initium,
1222 1216 1277 1258 -in
1315 1229 1395 1271 quo
1423 1214 1630 1258 indicatum
1665 1215 1785 1259 fuisse
1821 1214 2033 1259 arbitratur
2060 1229 2147 1264 eos,
2189 1216 2255 1271 qui
2289 1232 2314 1257 α
2343 1224 2455 1270 patre
2487 1225 2637 1268 sumt,

211 1294 271 1337 vel
298 1293 349 1336 ad
376 1295 564 1336 rationem
592 1290 717 1334 delicti
744 1290 980 1334 reddendam
1008 1290 1068 1335 vel
1096 1290 1146 1335 ad
1172 1306 1319 1349 poenas
1341 1291 1616 1349 persolvendas
1637 1291 1867 1336 Phoenicem
1893 1293 2014 1337 fuisse
2045 1298 2275 1352 retenturos.

412 1370 522 1420 Quae
550 1372 584 1412 si
603 1375 705 1412 recte
719 1384 770 1413 xse
789 1368 945 1419 habeut,
973 1383 1054 1412 non
1079 1368 1202 1428 fugiet
1227 1354 1483 1427 intelligentes
1502 1372 1550 1414 iis
1576 1372 1685 1428 ipsos
1711 1370 1811 1422 illos,
1839 1386 1939 1429 quos
1968 1386 2090 1429 supra
2117 1373 2157 1414 in
2185 1376 2360 1414 nostram
2387 1369 2635 1416 adhibuimus

208 1464 302 1499 rem,
329 1464 391 1490 vv.
411 1448 642 1511 ‘aea-469
671 1449 903 1504 suspicionis
929 1447 1097 1504 quadam
1123 1454 1218 1492 nota
1246 1448 1439 1507 adspergi.
1495 1448 1625 1498 Quare
1658 1464 1798 1507 operae
1825 1453 1992 1508 pretium
2021 1450 2175 1512 videtur
2202 1450 2253 1493 ad
2279 1464 2435 1493 causam
2461 1454 2637 1492 nomam

209 1527 390 1571 tuendam
420 1526 468 1570 de
496 1518 781 1570 Friedlaenderi
806 1525 955 1583 judicio
981 1525 1169 1570 nonnulla
1196 1524 1349 1570 addere.
1403 1527 1490 1572 Jam
1528 1533 1574 1571 ut
1609 1543 1632 1572 a
1660 1527 1815 1571 duobus
1848 1528 1980 1572 eadem
2015 1543 2079 1572 res
2114 1528 2276 1573 diversis
2304 1527 2430 1572 modis
2456 1541 2635 1571 narrare-

209 1612 285 1658 tur,
313 1607 439 1663 iisque
465 1604 563 1648 adeo
592 1604 766 1656 diversis,
795 1610 840 1648 ut
867 1604 994 1662 (quod
1015 1604 1334 1649 Friedlaenderus
1362 1608 1519 1664 premit)
1547 1606 1596 1650 ab
1624 1613 1790 1664 utroque
1819 1607 2047 1651 alterutrum
2074 1613 2225 1651 tantum
2243 1613 2411 1652 statuere
2427 1605 2635 1651 debeamus

207 1690 364 1731 auctore
391 1684 626 1743 positum²)‚
654 1686 782 1741 ipsum
809 1683 898 1742 plus
926 1698 1005 1726 una
1032 1685 1181 1726 ratione
1208 1683 1292 1727 fieri
1316 1688 1490 1743 potuisse
1518 1685 1626 1729 facile
1653 1687 1852 1743 perspicis.
1909 1678 2043 1729 Potuit
2067 1688 2234 1744 primum
2261 1688 2335 1737 ita,
2362 1691 2408 1728 ut
2434 1700 2514 1728 una
2540 1699 2632 1728 nar-

207 1765 368 1806 rationis
391 1762 515 1806 forma
545 1765 667 1820 ipsius
694 1767 832 1820 poetae
858 1767 971 1812 esset,
1000 1762 1120 1806 altera
1147 1762 1207 1806 vel
1235 1762 1422 1821 rhapsodi
1456 1764 1515 1807 vel
1548 1770 1685 1822 poetae
1719 1764 1903 1821 alicujus,
1941 1767 2008 1821 qui
2043 1780 2197 1809 carmen
2231 1765 2333 1808 illius
2361 1770 2431 1808 aut
2454 1766 2633 1808 recitant

207 1848 275 1884 aut
303 1841 407 1884 aliud
436 1842 566 1884 nescio
595 1841 690 1897 quid
717 1855 857 1898 operae
884 1842 924 1882 in
948 1855 998 1882 eo
1029 1855 1167 1899 genere
1194 1847 1426 1900 praestaret3
1453 1845 1600 1900 potuit
1642 1823 1768 1886 autem
1803 1857 1884 1885 non
1924 1845 2053 1886 minus
2080 1845 2154 1892 ita,
2194 1849 2240 1884 ut
2275 1848 2414 1886 neutra
2459 1841 2508 1884 ab
2543 1843 2631 1898 ipso

205 1926 320 1977 poeta
348 1920 666 1978 proficisceretur,
695 1919 764 1961 sed
792 1925 956 1976 utraque
982 1919 1042 1961 vel
1070 1934 1094 1961 a
1121 1918 1322 1976 rhapsodo
1350 1919 1409 1974 vel
1437 1920 1488 1961 ab
1514 1920 1590 1963 alio
1618 1920 1699 1970 tali,
1726 1920 1877 1976 qualem
1907 1920 2023 1962 modo
2052 1920 2236 1970 diximus,
2265 1925 2392 1976 poeta.
2448 1918 2495 1961 Si
2522 1919 2631 1969 illud,

206 2012 284 2039 non
307 1998 478 2055 vulgaris
498 1998 651 2056 quidem
671 1997 916 2055 interpolatio
936 1991 1113 2048 hibetur,
1136 1997 1205 2040 sed
1223 1997 1474 2041 nihilominus
1493 1999 1555 2041 hie
1573 2001 1754 2058 genuina,
1774 1998 1850 2040 illic
1868 1999 2003 2054 spuria
2015 1999 2075 2052 ⁸);
2095 2001 2156 2040 siu
2179 1998 2354 2048 alterum,
2375 1998 2471 2040 adeo
2491 1999 2632 2041 utrin-

209 2091 288 2132 que
313 2079 460 2133 spuria.
497 2076 630 2124 Quid?
657 2076 764 2132 quod
777 2076 860 2117 fieri
875 2081 1007 2133 potest
1025 2081 1071 2117 ut
1090 2076 1138 2118 de
1167 2076 1382 2130 conjunctis
1403 2076 1555 2118 duabus
1573 2077 1765 2132 ejusmodi
1780 2077 2068 2118 recensionibus
2091 2077 2151 2118 vel
2169 2083 2253 2117 tum
2276 2077 2464 2118 alterutra
2481 2082 2635 2119 numm

203 2156 373 2212 genuina
395 2155 446 2197 sit
465 2154 650 2213 putanda,
679 2156 711 2197 si
740 2168 810 2213 per
838 2169 880 2197 se
908 2159 1169 2211 suorutraque
1194 2152 1282 2196 loco
1301 2155 1470 2196 maxime
1487 2155 1655 2213 genuina
1674 2153 1758 2197 fuit.
1795 2154 1874 2197 Fac
1894 2155 1993 2197 enim
2020 2168 2139 2197 unam
2167 2152 2405 2211 eandemque
2430 2168 2512 2197 rem
2539 2168 2634 2197 nar·

203 2239 328 2276 ratam
357 2234 476 2277 fuisse
502 2236 543 2277 in
571 2234 726 2278 duobus
753 2233 987 2277 carminibus
1014 2233 1237 2290 ceteroquin
1259 2231 1441 2285 diversisg
1484 2232 1546 2277 sac
1578 2234 1858 2291 compositores
1894 2233 1954 2276 vel
1978 2235 2099 2276 totius
2128 2232 2258 2276 Iliadis
2287 2232 2348 2276 vel
2375 2234 2535 2291 majoris
2562 2233 2632 2277 ali-

205 2306 317 2369 cujus
346 2315 480 2370 partis,
509 2328 628 2370 quum
657 2313 737 2356 duo
765 2316 934 2357 carmina
963 2327 1041 2355 una
1069 2313 1109 2353 in
1137 2311 1233 2354 illud
1261 2326 1403 2369 corpus
1430 2314 1600 2370 recipere
1634 2327 1714 2354 non
1742 2312 1889 2363 liceret,
1917 2312 1965 2355 de
1994 2328 2060 2362 eo,
2089 2311 2195 2369 quod
2231 2312 2471 2369 supprimere
2505 2314 2633 2355 visum

204 2397 316 2440 esset,
345 2393 510 2434 carmine
537 2397 688 2434 tantum
717 2397 829 2443 certe,
859 2395 1046 2448 quantum
1068 2395 1240 2447 possent,
1267 2389 1436 2433 voluisse
1463 2404 1637 2442 servare3
1663 2392 1951 2448 transposuisse
1973 2392 2094 2448 igitur
2120 2405 2204 2434 eam
2232 2389 2353 2446 hujus
2375 2395 2535 2447 partem,
2563 2404 2631 2433 cu·

200 2470 269 2526 jus
298 2470 432 2513 similis
461 2472 500 2513 in
529 2470 651 2513 altero
680 2472 846 2513 carmine
873 2470 1118 2527 reperiretur,
1146 2470 1187 2513 in
1215 2468 1291 2511 hoc
1317 2470 1445 2525 ipsum
1473 2483 1560 2511 cum
1587 2470 1817 2526 geminoque
1853 2468 1939 2512 loco
1972 2468 2023 2511 ad
2058 2471 2176 2512 unius
2203 2470 2438 2512 narrationis
2466 2470 2629 2526 speciem

204 2548 508 2605 conglutinasset
553 2553 667 2591 erunt
707 2550 763 2591 sic
809 2547 908 2590 duae
956 2548 1195 2590 recensiones
1218 2550 1303 2603 'per
1330 2560 1372 2589 se
1398 2547 1561 2603 quidem.
1580 2560 1701 2603 aeque
1729 2546 1966 2597 Homericae,
2004 2552 2045 2589 at
2072 2549 2226 2590 minime
2252 2552 2420 2602 utraque
2446 2547 2626 2603 genuina.

204 2625 303 2670 Nam
334 2641 453 2685 quum
482 2628 523 2670 in
550 2640 596 2669 eo
625 2627 803 2676 carmine,
832 2623 938 2682 quod
965 2625 1004 2667 in
1033 2622 1189 2667 iliadem
1216 2622 1482 2682 recipiebatur,
1511 2624 1696 2669 alterutra
1723 2628 1873 2667 tantum
1902 2622 2055 2667 illarum
2082 2624 2348 2666 recensionum
2374 2622 2502 2674 fuerit,
2528 2636 2625 2675 eam,

206 2718 306 2763 quae
333 2720 385 2748 ex
413 2705 534 2749 altero
562 2705 729 2747 carmine
756 2705 796 2746 in
822 2701 917 2745 illud
944 2707 1004 2745 cst
1028 2701 1146 2753 illata,
1173 2716 1196 2744 a
1219 2715 1378 2760 quoquo
1400 2703 1572 2761 profecta
1598 2707 1692 2753 erat,
1715 2702 1798 2759 jam
1827 2704 1868 2744 in
1894 2702 1970 2744 hoc
1994 2703 2227 2744 narrationis
2248 2707 2435 2743 contextu
2451 2704 2626 2759 spuriam

205 2796 290 2826 esse
318 2785 505 2841 sequitur.
559 2782 705 2826 Eodem
733 2795 796 2824 res
823 2781 924 2823 redit
949 2781 990 2822 in
1016 2780 1174 2838 reliquis
1200 2780 1418 2839 generibus,
1465 2786 1659 2837 quotquot
1684 2779 1887 2822 miscendis
1914 2780 2040 2824 tribus
2067 2782 2133 2830 iis,
2161 2792 2260 2834 quae
2298 2777 2490 2830 diximus,
2530 2779 2627 2836 fingi

205 2868 382 2918 possunt.
443 2862 562 2906 Velut
594 2864 627 2905 si
658 2863 857 2920 ponimus,
891 2859 1009 2902 tuisse
1035 2858 1279 2916 reliquorumv
1299 2861 1469 2904 omnium
1496 2858 1656 2903 eandem
1683 2860 1873 2902 rationem
1901 2865 2016 2916 atque
2045 2860 2085 2902 in
2112 2859 2245 2908 tertio,
2289 2856 2396 2914 quod
2422 2859 2625 2902 coustitui-

207 2951 307 2991 mus,
331 2953 484 2997 genere,
511 2942 696 2984 interesse
723 2946 850 2983 tamen
876 2939 962 2989 hoc,
989 2937 1096 2994 quod
1122 2937 1218 2982 alter
1245 2939 1303 2995 (a)
1330 2937 1497 2981 duorum
1525 2937 1716 2994 ejusmodi
1743 2937 1916 2981 locorum
1945 2941 1986 2993 (a
2013 2945 2052 2981 et
2079 2939 2140 2991 b),
2167 2950 2333 2993 quorum
2360 2934 2423 2978 ille
2451 2935 2510 2992 (α)
2539 2949 2626 2979 car-

409 3134 443 3175 ¹)
468 3138 632 3180 Doppelta
653 3139 865 3171 mansionen
886 3139 923 3169 in
944 3137 1047 3169 Iliade
1069 3137 1137 3169 und
1159 3134 1318 3177 Odys-ee.
1360 3135 1479 3168 Philol.
1498 3135 1557 3175 IV,
1579 3130 1612 3168 4.
1631 3146 1729 3177 pagg.
1752 3130 1930 3168 577-591
1957 3129 2040 3176 (582
2057 3129 2134 3176 sq.).

403 3212 439 3255 ¹)
460 3216 680 3249 Luculentum
704 3218 893 3259 exemplum
915 3217 1102 3258 duplicium,
1135 3226 1216 3257 quas
1249 3221 1380 3256 vocant,
1410 3217 1570 3257 ejusmodi
1597 3217 1823 3249 recen-ionum
1845 3217 1946 3249 habea
1977 3209 2011 3254 δ,
2034 3207 2234 3247 280-284
2267 3207 2465 3254 285-389,
2488 3222 2626 3254 quorun

199 3269 346 3305 alterutri
367 3272 551 3306 nece-mio
572 3274 785 3316 requiruntur
807 3270 854 3312 (v.
878 3269 973 3315 27¹),
997 3278 1035 3307 ut
1056 3279 1167 3307 tamen
1189 3282 1256 3307 una
1277 3274 1341 3308 duo
1363 3273 1428 3307 loci
1450 3273 1528 3307 terri
1550 3277 1724 3315 nequeant.

403 3345 437 3393 ⁸)
458 3350 500 3385 ci.
527 3350 676 3386 Nitzsch.
699 3363 831 3397 aagenp.
854 3353 881 3396 1,
904 3363 937 3396 p.
963 3347 1151 3388 140-149.

2327 3415 2355 3460 6
