2950 3889
1451 297 1480 344 2

258 445 335 488 tiae
362 444 403 486 in
430 440 556 486 causis
584 452 705 496 quum
732 437 833 482 hanc
861 438 1015 483 allaturi
1042 442 1175 492 simus,
1211 439 1317 498 quod
1352 455 1452 499 quos
1480 441 1652 485 diximus
1679 440 1753 484 loci
1780 453 1860 483 non
1886 453 2004 484 unam
2032 442 2073 484 in
2106 446 2256 499 partem
2283 441 2358 486 hoc
2383 444 2499 499 poeta
2525 439 2673 500 indigni

259 522 473 571 videantur,
501 533 581 561 non
624 517 694 560 abs
721 532 764 561 re
806 521 890 570 erit,
933 525 1119 578 quantum
1161 521 1195 562 is
1243 534 1364 577 quum
1399 522 1556 564 omnino
1594 520 1654 564 vel
1706 524 1787 564 arte
1827 519 1887 562 vel
1929 521 2085 578 ingenio
2133 519 2269 571 valeat,
2310 524 2393 563 tum
2433 520 2545 563 certis
2587 521 2673 577 qui-

258 599 421 644 busdam
451 599 491 640 in
518 596 724 656 generibus
753 596 927 650 excellat,
955 587 1089 652 paucis
1123 604 1234 642 antea
1267 598 1471 656 explicare.
1529 599 1692 644 Utemur
1725 603 1852 643 autem
1880 598 1966 654 ejus
1999 599 2123 656 partis
2158 598 2348 657 exemplo,
2384 612 2493 657 quae,
2528 599 2562 641 si
2596 612 2674 655 qua

259 678 345 729 alia,
386 679 508 736 ipsius
552 675 683 718 Λιτῶν
725 677 894 719 auctoris
938 677 1020 720 sine
1066 677 1147 721 ulla
1189 679 1450 721 controversia
1480 677 1571 722 fuit:
1606 678 1818 722 orationem
1853 676 2014 721 dicimus
2049 677 2146 733 ejus,
2184 679 2251 735 qui
2297 678 2479 738 legationi
2511 683 2674 737 praeest,

258 755 425 813 Ulyssis,
453 761 492 798 et
518 770 749 812 responsum
778 755 942 798 Achillis
964 771 1024 798 vv.
1052 756 1287 806 225—306,
1316 756 1551 804 308—429.
1606 755 1692 800 Jam
1718 758 1886 815 primum
1904 755 2043 798 harum
2063 757 2283 798 orationum
2301 758 2575 815 praestantiam
2594 770 2675 798 me-

256 836 333 877 rito
368 840 407 877 et
440 840 586 878 veteres
623 832 802 876 admirati
837 837 979 888 sunt¹)
1037 842 1076 879 et
1108 836 1169 879 his
1203 835 1440 893 temporibus
1477 841 1613 878 contra
1654 838 1842 893 iniquius,
1878 834 1984 891 quod
2022 833 2293 878 Lachmannus
2327 836 2375 878 de
2410 837 2512 878 omni
2549 835 2573 876 l.
2618 834 2675 877 lX
2708 875 2710 877 ,

252 912 443 968 Judicium
472 911 681 965 tulerat2),
711 913 793 953 suis
814 913 1041 954 testimoniis
1061 915 1149 954 tuiti
1177 919 1269 955 sunt
1291 913 1550 955 Hoffmannus
1560 915 1602 966 θ)
1626 919 1665 956 et
1687 913 1865 970 Koechly
1877 914 1929 966 ⁴),
1959 925 2126 968 quorum
2146 911 2281 954 laudes
2304 916 2400 969 quin
2427 914 2527 956 hanc
2552 915 2675 971 potis-

258 993 397 1034 simum
430 990 455 1033 l.
495 990 554 1033 IX
602 996 752 1047 partem
788 995 972 1046 spectent,
1009 991 1299 1048 intelligentium
1333 1006 1446 1033 nemo
1489 991 1693 1035 dubitabit.
1748 990 1965 1033 Addendus
2000 990 2062 1031 his
2105 996 2166 1031 est
2202 991 2419 1050 Geppertus
2432 994 2485 1047 ⁸),
2521 994 2587 1049 qui
2627 992 2675 1034 de

256 1069 411 1128 Ulyssis
440 1075 540 1112 certe
569 1071 744 1111 oratione
770 1067 949 1126 pluribus
977 1068 1168 1112 disserens
1196 1071 1322 1112 varias
1350 1071 1512 1112 virtutes
1540 1071 1626 1127 ejus
1653 1071 1748 1112 satis
1775 1074 1876 1111 recte
1897 1067 1981 1126 jam
2010 1067 2192 1109 definivit.
2236 1069 2367 1128 Atque
2388 1070 2436 1114 ab
2464 1070 2675 1114 elocutione

259 1155 500 1207 quantopere
529 1148 637 1190 locus
664 1147 825 1205 placeat,
855 1150 920 1204 qui
948 1147 1087 1206 legent,
1116 1149 1190 1205 ipsi
1224 1146 1331 1191 facile
1366 1150 1542 1192 sentient.
1598 1148 1688 1192 Duo
1724 1153 1853 1191 tamen
1878 1146 2103 1190 nominatim
2137 1145 2251 1190 nobis
2280 1154 2373 1192 stmt
2405 1137 2673 1208 praedicanda,

260 1229 332 1271 lux
361 1234 399 1270 et
425 1227 680 1285 perspicuitas
709 1228 896 1268 orationis
924 1226 1144 1283 flumenque
1173 1231 1210 1268 et
1238 1228 1360 1284 copia,
1389 1241 1487 1284 quae
1515 1240 1634 1284 quum
1659 1227 1754 1284 ipsis
1785 1224 1912 1269 verbis
1941 1226 2079 1268 mirum
2119 1230 2302 1282 quantam
2338 1226 2483 1272 addant
2509 1228 2598 1279 vim,
2625 1229 2671 1278 ei,

256 1308 324 1363 qui
352 1305 461 1348 alteri
488 1304 723 1361 persuadere
750 1304 853 1355 velit,
881 1306 1055 1362 inprimis
1084 1306 1326 1347 conveniunt.
1383 1305 1505 1348 Paulo
1532 1305 1710 1363 pluribus
1736 1304 1849 1347 nobis
1885 1301 2200 1347 commorandum
2229 1308 2289 1346 est
2322 1306 2361 1347 in
2390 1305 2604 1349 inveniendi
2632 1312 2671 1348 et

255 1383 486 1443 disponendi
515 1388 608 1434 arte,
637 1398 716 1440 qua
745 1397 830 1426 eum
860 1386 899 1426 in
928 1382 1087 1426 modum
1115 1384 1278 1442 insignis
1307 1390 1367 1427 est
1397 1383 1547 1442 Ulyssis
1583 1386 1722 1436 oratio,
1749 1385 1818 1426 vix
1845 1389 1891 1426 ut
1915 1384 2040 1441 possit
2067 1383 2230 1440 cogitari
2258 1382 2319 1426 his
2338 1385 2558 1428 nominibus
2583 1400 2674 1444 per-

255 1464 400 1506 fectior.
457 1462 583 1505 Orsus
612 1464 713 1504 enim
737 1462 787 1504 ab
816 1477 874 1513 eo,
904 1461 1011 1520 quod
1038 1468 1121 1504 tum
1151 1464 1292 1520 agitur,
1330 1478 1351 1505 a
1381 1465 1569 1514 convivio,
1605 1465 1734 1506 statim
1769 1461 1948 1504 facillimo
1982 1463 2149 1504 transitu
2186 1460 2237 1503 ad
2273 1461 2476 1505 discrimen
2519 1465 2558 1505 in
2595 1477 2672 1520 quo

258 1550 463 1585 versentur
492 1541 629 1584 Graeci
656 1542 843 1598 pervenit,
872 1554 951 1596 quo
981 1541 1146 1596 copiose,
1174 1542 1355 1598 graviter,
1375 1542 1640 1585 miserabiliter
1657 1541 1849 1598 descripto
1870 1538 2125 1593 (229—246)
2155 1538 2354 1591 Achillem,
2383 1543 2416 1583 si
2444 1543 2598 1584 omnino
2626 1541 2673 1584 de

256 1628 337 1678 ope‘
358 1619 515 1662 ferenda
542 1621 696 1675 cogitet,
726 1623 818 1661 tu'nc
846 1618 896 1660 ad
923 1619 1177 1676 pugnandum
1206 1634 1247 1662 se
1276 1622 1471 1676 accingere
1494 1621 1624 1677 jubet,
1661 1619 1844 1677 amplius,
1872 1632 1998 1674 usque
2034 1616 2125 1658 dum
2154 1631 2283 1659 serum
2320 1620 2391 1668 sit,
2421 1618 2558 1662 dilatae
2586 1621 2672 1676 opis

254 1702 384 1757 ipsum
412 1703 457 1739 ut
482 1698 678 1754 poeniteat
704 1696 787 1738 fore
815 1695 1047 1754 significans.
1103 1697 1148 1739 In
1176 1711 1254 1754 quo
1289 1699 1389 1741 inest
1420 1699 1502 1756 jam
1541 1703 1587 1742 ut
1622 1698 1779 1741 omnino
1816 1694 2006 1740 auxilium
2040 1693 2429 1754 Achillis·imploret.
2485 1696 2566 1741 Sed
2594 1711 2671 1756 quo

255 1779 396 1821 certius
424 1777 672 1833 pertinaciam
701 1775 787 1831 ejus
815 1781 1025 1832 expugnet,
1053 1789 1174 1831 porro
1200 1778 1395 1833 praecepti
1416 1791 1503 1818 eum
1530 1776 1723 1826 admonet,
1757 1789 1835 1832 quo
1869 1780 1981 1833 pater
2023 1775 2063 1815 in
2097 1763 2293 1816 Troadem
2327 1775 2588 1833 proectfurum
2624 1776 2673 1818 ad

254 1856 496 1899 insolentiam
526 1855 643 1896 animi
671 1853 985 1911 compescendam
1015 1855 1284 1910 (rixarumque
1312 1854 1578 1911 deponendam
1608 1854 1873 1913 cupiditatem)
1902 1853 2082 1894 hortatus
2110 1854 2171 1894 sit.
2228 1852 2287 1894 Ita
2306 1856 2428 1910 patris
2449 1855 2673 1897 auctoritate

256 1934 429 1978 adhibita
456 1939 667 1990 postquam
696 1947 770 1974 suo
799 1946 954 1988 quoque
983 1934 1136 1973 nomine
1155 1932 1363 1981 Achillem,
1391 1939 1436 1974 ut
1454 1935 1665 1975 remitteret
1691 1935 1801 1983 iram,
1828 1933 1994 1990 rogavit,
2018 1936 2133 1988 quam
2154 1931 2230 1972 hoc
2257 1933 2339 1973 sine
2367 1931 2445 1974 ulla
2473 1934 2669 1976 existima·

252 2015 369 2057 tionis
398 2018 437 2056 et
464 2011 663 2069 dignitatis
687 2013 842 2064 jactura
870 2010 1042 2053 facturus
1072 2013 1122 2052 sit
1146 2009 1260 2065 (ἄξια
1287 2011 1401 2066 261),
1429 2012 1593 2055 eundem
1620 2012 1732 2055 docet
1759 2011 2034 2062 conditionum,
2065 2024 2163 2067 quas
2192 2010 2435 2067 Agamemno
2463 2011 2571 2061 serat,
2600 2011 2672 2053 ho·

252 2091 673 2136 norificentissimarum
709 2091 994 2132 enumeratione
1030 2089 1132 2145 (262
1149 2116 1185 2122 —
1202 2090 1315 2145 299).
1379 2090 1458 2134 Sed
1499 2106 1579 2134 non
1626 2094 1811 2150 ignorans
1859 2089 1972 2133 ferox
2018 2088 2182 2132 Achillis
2216 2090 2410 2146 ingenium
2458 2090 2512 2145 (εἷ
2540 2088 2587 2131 δέ
2613 2104 2672 2132 τοι

250 2168 458 2229 Ἀτρεΐδης
481 2168 561 2226 μὲν
589 2167 803 2228 ἀπήχθετο
832 2166 985 2227 κηρόθι
1009 2168 1178 2224 μᾶλλον,
1205 2168 1334 2216 αὐτὸς
1359 2170 1426 2212 καὶ
1455 2171 1527 2212 τοῦ
1557 2168 1678 2227 δῶρα
1704 2169 1789 2216 300
1815 2169 1890 2227 sq.)
1913 2170 1996 2224 jam
2025 2167 2074 2212 ad
2104 2166 2339 2212 Graecorum
2368 2183 2430 2210 res
2458 2170 2672 2219 revertitur,

253 2250 396 2293 horum
413 2253 513 2292 certe
528 2253 573 2290 ut
586 2249 765 2291 misereat
780 2247 887 2290 illum
903 2262 1031 2298 orans,
1055 2253 1330 2305 postremoque
1345 2263 1414 2305 per
1430 2262 1600 2290 summae
1613 2247 1879 2291 observantiae
1895 2250 2135 2300 mentionem,
2151 2262 2228 2304 qua
2243 2247 2403 2305 periculi
2431 2248 2673 2306 depulsorem

253 2327 389 2371 Graeci
416 2329 664 2384 prosecuturi
700 2328 793 2377 sint,
823 2326 1017 2384 eleganter
1045 2326 1145 2368 sacto
1175 2329 1340 2368 transitu
1362 2326 1543 2382 juvenem
1579 2327 1705 2369 laudis
1744 2327 2006 2370 avidissimum
2044 2341 2163 2383 quum
2203 2327 2288 2369 aliis
2332 2325 2515 2367 illecebris
2563 2324 2671 2380 (ἐπεὶ

252 2404 426 2449 οὔτινά
453 2414 578 2464 φησιν
604 2404 752 2460 ὁμοῖον
781 2403 826 2447 οἶ
850 2403 993 2461 ἔμεναι
1022 2405 1207 2456 Δαναῶν,
1236 2404 1313 2451 οὓς
1345 2403 1501 2447 ἐνθάδε
1530 2407 1627 2464 νῆες·
1653 2403 1811 2448 ἔνεικαν
1847 2405 1929 2452 305
1956 2408 2036 2463 sq.)
2065 2412 2148 2448 tum
2176 2405 2353 2447 Hectoris
2382 2403 2574 2446 occidendi
2603 2418 2670 2463 spe

251 2469 356 2536 tunc,
384 2499 499 2542 quam
526 2499 699 2541 unquam
729 2490 840 2527 antea
868 2483 994 2535 suerit,
1021 2486 1180 2527 certiore
1209 2499 1300 2527 suas
1329 2486 1367 2526 in
1396 2490 1527 2542 partes
1557 2490 1720 2529 conatur
1747 2484 1946 2528 traducere
1973 2484 2241 2542 (303-306).

453 2562 682 2621 Intelligitur
710 2578 761 2606 ex
788 2563 848 2606 his
877 2569 915 2606 et
935 2565 1134 2620 aptissima
1156 2579 1239 2606 esse
1260 2570 1374 2621 atque
1395 2579 1446 2606 ex
1465 2569 1575 2621 parte
1596 2564 1730 2607 callide
1752 2567 1973 2623 excogitata
1991 2564 2241 2619 (252-258,
2258 2561 2508 2615 304-306),
2530 2562 2669 2618 quibus

253 2649 389 2686 orator
431 2641 481 2685 ad
524 2641 832 2699 persuadendum
874 2644 1008 2692 utitur,
1053 2650 1091 2685 ct
1130 2645 1273 2700 optime
1318 2642 1523 2700 disposita,
1566 2643 1774 2701 eademque
1810 2658 1890 2686 uno
1927 2649 2088 2702 excepto
2124 2643 2221 2694 loco,
2258 2642 2325 2685 ubi
2359 2641 2485 2698 major
2521 2643 2577 2682 vis
2613 2648 2671 2684 est

194 2727 201 2735 “
252 2721 450 2779 asyntheti
479 2720 608 2775 (252),
638 2723 789 2778 egregie
817 2723 914 2762 inter
936 2736 976 2763 se
1004 2736 1106 2763 nexa
1129 2737 1172 2763 ac
1193 2724 1331 2764 vineta.
1386 2721 1501 2764 Adde
1542 2721 1649 2778 quod
1676 2737 1813 2765 rursus
1842 2737 1890 2765 ne
1924 2722 2065 2764 desimt
2094 2721 2259 2778 quidem,
2294 2734 2394 2777 quae
2415 2720 2574 2775 majoris
2588 2733 2670 2762 mo·

251 2802 369 2843 menti
397 2805 501 2847 sunt,
531 2800 625 2856 quin
654 2797 785 2841 eadem
815 2799 853 2840 in
882 2798 1031 2841 futuros
1061 2798 1263 2856 legationis
1292 2802 1498 2850 sociorum,
1531 2801 1732 2844 Phoenicis
1762 2809 1799 2844 et
1833 2801 1984 2856 Ajacis,
2016 2815 2109 2843 usus
2134 2802 2274 2843 rectius
2294 2793 2541 2855 reponantur.
2571 2797 2670 2841 Nam

251 2878 327 2931 illa,
357 2877 499 2937 quibus
529 2876 706 2921 Phoenix
738 2892 760 2921 a
789 2876 964 2935 precibus
993 2878 1157 2937 superbe
1178 2877 1430 2937 aspernandis
1464 2878 1654 2924 Achillem
1682 2878 1912 2924 dehortatur
1959 2879 2226 2936 (496-514).
2268 2884 2374 2936 patet
2415 2878 2495 2918 seni
2524 2884 2563 2919 et
2603 2879 2668 2934 qui

461 3084 492 3124 ')
516 3085 757 3119 Scholl.Bekk.
780 3086 928 3127 plurimis
953 3087 1031 3119 locis
1054 3089 1127 3120 inde
1152 3098 1171 3121 a
1195 3098 1227 3121 v.
1251 3084 1331 3121 225.
1378 3089 1471 3122 Euat.
1497 3100 1528 3131 p.
1554 3083 1631 3128 731,
1653 3082 1789 3119 20-22
1813 3086 1905 3119 Rom.
1930 3098 1961 3129 p.
1987 3082 2064 3127 760,
2098 3082 2144 3119 60
2167 3097 2238 3128 sqq.
2258 3086 2301 3119 al.
2326 3084 2368 3117 cf.
2387 3084 2508 3126 Heynii
2532 3083 2666 3119 observ.

248 3146 300 3176 ad.
324 3155 356 3176 v.
380 3139 459 3176 affl.

452 3197 485 3240 ²)
509 3201 780 3240 Betrachtungon
803 3202 884 3232 uber
908 3201 1046 3233 nomm
1070 3202 1147 3234 Ilias
1172 3213 1238 3235 von
1262 3203 1343 3235 Καὶ
1368 3204 1565 3235 Lachmann.
1623 3204 1683 3235 mit
1707 3207 1863 3234 zussstzen
1886 3211 1952 3234 von
1975 3196 2093 3234 Horitz
2117 3201 2242 3242 Haupt,
2264 3207 2340 3240 pag.
2366 3193 2410 3229 26
2433 3207 2481 3239 eq.

450 3255 487 3297 ⁸)
511 3258 631 3291 Philol.
657 3258 716 3299 nl,
739 3253 772 3299 2,
792 3268 869 3300 pag.
893 3252 970 3291 218.

449 3312 482 3355 ⁴)
507 3316 556 3348 De
581 3316 692 3349 Iliadis
716 3317 912 3350 carminibus
937 3318 1067 3349 dissert.
1092 3317 1149 3348 111.
1196 3317 1306 3350 Tui-ici
1334 3313 1429 3358 1857,
1455 3329 1530 3361 pag.
1554 3312 1587 3358 8,
1611 3312 1645 3351 2.

450 3373 484 3412 ⁸)
507 3374 616 3407 Ueber
639 3377 702 3408 den
726 3384 891 3417 «περι-ειυς
913 3377 970 3408 der
995 3376 1229 3408 Homer-lachen
1253 3381 1405 3418 geonge.
1431 3376 1577 3418 Leipzig.
1602 3376 1739 3418 Weigei.
1766 3371 1863 3429 1849..
1892 3376 1916 3413 1,
1941 3386 1972 3417 p.
2000 3370 2074 3408 191.
