2950 3889
1386 235 1446 285 15

204 385 315 435 tam),
342 381 382 423 in
411 380 496 438 ipsa
524 378 725 420 venatione
753 375 965 420 avunculos
993 380 1140 421 occisos
1168 393 1251 420 esse
1280 376 1509 429 tradiderat;
1544 376 1662 436 idque
1697 392 1744 420 eo
1777 377 1937 435 majoris
1964 383 2023 421 est
2050 378 2251 428 momenti,
2287 374 2394 434 quod
2419 376 2466 426 is,
2494 390 2516 418 e
2542 389 2621 433 quo

201 459 266 503 illa
293 472 366 501 sua
395 457 537 506 hausit,
565 469 685 512 quum
712 456 752 497 in
779 469 839 506 eo,
869 455 975 512 quod
1005 457 1244 509 venationem
1273 455 1528 513 Calydoniam
1565 470 1652 500 cum
1692 455 1791 499 bello
1817 456 2001 499 Curetum
2030 462 2068 499 et
2094 456 2323 500 Aetolorum
2352 456 2622 509 conjunxerat,

201 546 283 582 tum
312 539 350 581 in
381 535 465 580 aliis
494 531 726 590 quibusdam
755 532 826 590 (cl'.
854 548 974 592 supra
1001 548 1039 593 p.
1075 533 1151 591 13)
1188 536 1261 593 ipsi
1289 532 1494 578 Homerico
1521 534 1628 586 loco,
1664 533 1793 592 qualis
1825 549 1929 578 nune
1955 540 2025 586 est,
2052 549 2094 578 se
2121 533 2430 578 accommodasse
2456 532 2622 576 videtur.

199 615 458 661 Nihilominus
481 610 530 654 de
550 610 615 654 illa
632 611 785 670 quidem
801 627 842 655 re
866 612 913 656 ab
930 612 1100 656 Homero
1115 612 1345 657 discesserat
1372 619 1443 656 aut
1469 615 1507 656 vi
1531 615 1656 657 vietus
1684 615 1719 656 si
1746 628 1826 656 non
1850 614 2034 665 veritatis,
2063 619 2104 656 at
2125 611 2418 671 probabilitatis,
2444 618 2516 656 aut
2541 626 2623 656 me-

200 694 298 735 liora
325 689 486 733 edoctus
515 690 665 745 vigente
694 691 901 733 etiamtunc
928 693 1151 750 incorrupta
1181 694 1237 734 rei
1252 684 1257 690 ⁹
1274 693 1468 734 memoria.
1524 691 1795 749 Apollodorus
1830 699 1958 735 autem
1992 690 2098 748 quod
2132 705 2233 732 unus
2267 690 2496 734 dissentiens
2533 705 2622 734 cun

200 769 370 812 Homero
397 751 438 809 in
467 765 566 808 bello
595 765 748 809 demum
778 768 928 811 Thestii
958 769 1059 811 filios
1087 770 1234 812 occisos
1261 783 1346 812 esse
1373 768 1509 820 refert,
1548 768 1589 812 id
1623 784 1762 828 parurn
1794 777 1928 813 contra
1956 767 2192 812 Nicandrum
2221 767 2345 811 vale'rc
2371 767 2481 811 facile
2507 768 2623 813 intel-

198 845 351 904 ligitur:
379 858 470 887 nam
498 849 537 885 et
563 842 637 904 ille,
666 859 777 903 quem
806 845 1072 905 Apollodorus
1100 846 1321 904 adierat¹),
1347 845 1560 892 Homerum
1595 849 1677 891 sine
1717 847 1838 891 dubio
1874 853 1934 891 est
1966 852 2134 897 sectatus,
2170 861 2194 889 a
2220 860 2318 903 quo,
2344 852 2389 889 ut
2416 847 2492 891 hoc
2518 853 2622 899 utar,

199 923 428 983 legationem
455 927 655 966 mutuatus
683 931 753 973 est,
781 940 859 983 qua
882 925 1068 984 Meleagri
1097 925 1286 969 auxilium
1314 928 1415 970 cives
1442 926 1670 989 implorasse
1697 935 1908 970 narrantur
1936 941 1971 969 v,
1997 925 2081 970 574
2109 939 2213 982 sqq.;
2241 924 2346 982 quod
2373 928 2406 968 si
2432 926 2532 970 idem
2560 928 2621 970 in·

196 1001 322 1045 didem
349 1001 488 1045 fratres
516 1002 704 1046 Althaeae
733 1005 771 1046 in
797 1004 895 1048 bello
922 1007 1069 1048 occisos
1095 1006 1257 1062 repetiit,
1285 1007 1438 1049 minime
1465 1006 1506 1049 id
1531 1007 1670 1048 mirum
1697 1012 1827 1064 potest
1854 1005 2037 1049 accidere.

397 1080 483 1123 Erit
510 1083 641 1139 igitur,
669 1097 757 1139 quo
775 1085 956 1134 nitamur,
983 1086 1017 1126 si
1042 1097 1097 1125 ex
1125 1097 1171 1126 ea
1201 1098 1357 1142 quoque
1386 1084 1538 1128 fabulae
1566 1084 1732 1137 formae,
1761 1100 1781 1128 e
1811 1101 1888 1143 qua
1916 1085 2129 1134 fluxerunt,
2157 1097 2255 1141 quae
2282 1097 2345 1124 vv.
2373 1082 2617 1128 533—549.

162 1173 169 1178 ·
196 1159 278 1204 557
291 1158 438 1205 -572
468 1159 660 1218 leguntur,
697 1161 850 1206 caedem
877 1176 957 1205 non
978 1163 1020 1205 in
1047 1161 1159 1214 bello,
1186 1161 1257 1206 sed
1283 1168 1353 1206 aut
1380 1164 1420 1207 in
1446 1165 1532 1222 ipsa
1554 1165 1757 1207 venatione
1793 1169 1863 1206 aut
1897 1163 2081 1205 continuo
2117 1167 2209 1220 post
2241 1166 2501 1220 perpetratam
2537 1175 2623 1205 esse

196 1235 489 1295 suspicabimur.
545 1239 707 1283 Accedit
733 1245 860 1284 autem
888 1240 979 1283 huic
1005 1241 1248 1298 conjecturae
1274 1256 1355 1284 non
1382 1241 1583 1285 mediocris
1611 1240 1890 1286 commendatio
1918 1239 2019 1292 inde,
2061 1239 2168 1298 quod
2194 1254 2241 1283 ea
2267 1242 2353 1299 ipsa
2381 1241 2499 1282 miras
2526 1241 2622 1284 istas

196 1314 392 1366 tenebras,
426 1317 566 1374 quibus
604 1323 643 1362 et
677 1332 814 1363 causae
849 1317 936 1362 belli
972 1324 1010 1362 et
1045 1317 1172 1362 caedis
1207 1318 1386 1363 avunculi
1426 1322 1824 1364 commemorationem
1854 1318 1959 1362 velut
1993 1318 2041 1362 de
2076 1317 2268 1382 industria
2295 1317 2509 1361 involutam
2536 1331 2622 1363 esse

196 1393 520 1453 significabamus,
548 1400 733 1454 tanquam
761 1395 842 1440 sole
869 1395 1002 1440 nubila
1029 1394 1180 1455 dispelli
1207 1395 1434 1448 videbimus,
1491 1397 1772 1458 conjungenda
1795 1399 1880 1454 jam
1915 1403 2027 1441 erant
2061 1397 2213 1440 venatio
2241 1393 2472 1454 Calydonia,
2501 1395 2621 1442 stater

194 1472 383 1517 Althaeae
415 1474 578 1526 occisus,
607 1473 770 1519 devotus
799 1490 822 1519 a
849 1481 972 1519 matre
999 1473 1196 1534 Meleager
1219 1489 1307 1520 cum
1336 1474 1520 1520 Curetum
1548 1483 1588 1521 et
1615 1476 1918 1535 Calydoniorum
1948 1475 2064 1524 bello,
2093 1466 2154 1519 cui
2182 1476 2308 1533 primo
2334 1472 2531 1535 Meleager
2557 1477 2620 1520 in·

194 1555 364 1594 teresset.
425 1550 621 1596 Ponamus
650 1554 782 1611 igitur,
812 1554 1077 1605 instituturum
1107 1552 1226 1597 fuisse
1254 1559 1408 1611 poetam
1436 1553 1589 1598 illorum
1617 1569 1706 1598 eum
1733 1553 1920 1606 ordinem,
1949 1556 2016 1611 qui
2043 1560 2082 1597 et
2100 1567 2169 1611 per
2196 1567 2237 1596 se
2263 1552 2507 1597 vehementer
2533 1553 2620 1612 pla-

193 1635 252 1673 cet
274 1635 314 1673 et
341 1629 447 1688 apud
475 1629 725 1683 Nicandrum,
764 1631 897 1675 scholl.
926 1631 1037 1675 ABD
1067 1630 1118 1675 ad
1145 1630 1241 1683 534,
1268 1630 1378 1675 Eust.
1410 1632 1434 1676 l.
1457 1633 1483 1677 l.
1510 1634 1721 1691 reperitur,
1749 1637 1795 1675 ut
1822 1632 2060 1675 venationem
2088 1633 2179 1675 rixa
2207 1637 2245 1674 et
2273 1629 2428 1683 caedes,
2463 1630 2617 1675 caedem

192 1709 281 1752 hinc
308 1710 441 1752 matris
469 1711 696 1760 exsecratio,
731 1710 834 1755 illinc
860 1710 1002 1755 bellum
1033 1710 1259 1769 Calydoniis
1287 1727 1311 1755 a
1340 1711 1548 1756 Curetibus
1575 1711 1725 1755 illatum
1751 1713 1964 1769 exciperet:
1996 1709 2172 1754 futurum
2207 1718 2309 1760 erat,
2345 1715 2389 1751 ut
2426 1707 2618 1768 Meleager

191 1803 238 1830 ne
268 1790 376 1830 initio
404 1787 558 1844 quidem
586 1788 687 1831 bello
716 1791 899 1833 interesse
925 1796 1071 1848 posset,
1099 1792 1173 1832 nisi
1201 1789 1302 1833 forte
1329 1797 1399 1834 aut
1425 1796 1547 1833 mater
1574 1796 1736 1832 mortem
1765 1792 1798 1832 ei
1828 1791 2028 1847 imprecari
2050 1804 2138 1832 sero
2167 1791 2206 1830 in
2236 1790 2403 1830 animum
2423 1786 2620 1832 induceret

192 1872 261 1909 aut
298 1865 361 1908 ille
395 1881 483 1908 sero
516 1881 598 1909 rem
633 1875 894 1925 cognosceret.
950 1872 1066 1911 Patet
1101 1870 1218 1919 enim,
1254 1870 1288 1911 si
1322 1867 1457 1911 caedes
1491 1873 1580 1911 ante
1615 1867 1756 1911 bellum
1792 1867 1891 1911 facta
1928 1874 2023 1918 erat,
2050 1866 2290 1923 Meleagrum
2320 1879 2471 1908 necesse
2499 1864 2619 1908 fuisse

192 1943 463 1988 exardescente
500 1945 598 1987 bello
634 1953 704 1988 aut
731 1946 815 2003 jam
854 1962 878 1990 a
913 1953 1035 1990 matre
1070 1946 1255 1990 devotum
1282 1961 1386 1998 esse,
1427 1954 1496 1990 aut
1529 1953 1621 1990 tunc
1652 1948 1820 1989 maxime
1855 1946 2047 1989 devoveri.
2104 1944 2193 1989 Non
2229 1950 2383 2002 poterat
2416 1946 2536 2003 igitur
2563 1946 2619 1987 sic

189 2023 284 2073 fieri,
308 2026 403 2079 quin
422 2025 479 2065 ira
501 2026 678 2066 incensus
693 2025 776 2080 jam
789 2027 957 2082 primum
976 2025 1176 2083 pugnandi
1190 2027 1410 2068 societatem
1424 2024 1664 2068 detrectaret.
1707 2026 1764 2068 At
1793 2027 1832 2066 in
1853 2038 1899 2065 ea
1928 2038 2027 2079 quae
2055 2022 2189 2065 aderat
2215 2025 2437 2064 narratione
2464 2036 2486 2064 e
2514 2035 2608 2063 con·

189 2104 309 2145 trario
345 2101 569 2144 tradebatur
605 2104 713 2145 initio
745 2103 983 2162 Calydonem
1019 2103 1171 2147 fortiter
1204 2110 1341 2147 contra
1377 2103 1510 2146 hostes
1546 2102 1760 2149 defendisse
1803 2102 1917 2158 idque
1953 2116 2022 2159 per
2057 2101 2185 2158 majus
2218 2102 2403 2160 temporis
2430 2102 2617 2158 spatium:

191 2180 308 2239 ὄφρα
333 2181 412 2237 μὲν
441 2179 514 2223 οὖν
541 2180 783 2239 Μελέαγρος
802 2181 1024 2240 ἀρηίφιλος
1042 2181 1294 2239 πολέμιζεν,Ι
1318 2183 1458 2241 τόφρα
1485 2182 1534 2225 δὲ
1564 2181 1816 2239 Κουρήτεσσι
1849 2183 1989 2227 κακῶς
2014 2179 2078 2239 ἦν,
2108 2179 2207 2222 οὐδὲ
2236 2179 2409 2221 δύναντο
2431 2179 2439 2235 l
2461 2179 2621 2237 τεζχεος

193 2258 390 2302 ἔκτοσθεν
415 2258 576 2315 μίμνειν
603 2258 751 2305 πολέες
768 2274 847 2316 περ
877 2259 1028 2307 ἐόντες·
1058 2261 1066 2318 Ι
1097 2259 1178 2302 ἀλλ’
1208 2262 1280 2303 ὅτε
1308 2261 1360 2320 δὴ
1387 2259 1627 2316 Μελέαγρον
1656 2258 1728 2301 ἔδυ
1750 2259 1899 2316 χόλος,
1936 2259 1986 2305 ὅς
2011 2273 2056 2300 τε
2089 2259 2157 2299 καὶ
2190 2258 2323 2299 ἄλλων
2352 2259 2359 2312 Ι
2388 2256 2542 2299 οἰδάνει
2570 2256 2616 2297 ἐν

192 2336 387 2397 στήθεσσι
417 2335 509 2378 νόον
536 2334 644 2378 πύκα
672 2349 751 2394 περ
782 2337 1046 2395 φρονεόντων
1073 2338 1154 2381 κτὲ.
1184 2340 1237 2392 (v.
1268 2338 1350 2383 550
1378 2344 1492 2396 sqq.).
1548 2337 1675 2387 Quum
1715 2337 1835 2395 igitur
1862 2336 1937 2378 hoc
1964 2336 2048 2379 loco
2086 2337 2124 2377 in
2163 2335 2287 2378 medio
2323 2335 2477 2377 demum
2511 2334 2612 2377 bello

187 2415 381 2475 Meleager
395 2417 490 2458 iram
509 2414 726 2472 concepisse
741 2423 976 2468 narraretur,
994 2416 1237 2475 sequebatur,
1259 2418 1292 2461 si
1306 2417 1386 2460 irae
1403 2429 1519 2460 causa
1532 2414 1743 2457 exsecratio
1758 2415 1903 2465 matris,
1923 2415 2009 2471 ejus
2033 2420 2160 2456 autem
2182 2427 2300 2456 causa
2315 2412 2434 2455 frater
2453 2414 2606 2455 occisus

193 2491 406 2545 afferretur,
434 2492 529 2536 haee
556 2493 684 2536 omnia
712 2493 753 2535 in
780 2493 866 2551 ipso
895 2492 994 2537 bello
1029 2493 1206 2553 ponenda
1242 2493 1336 2538 fore·
1391 2493 1515 2550 Atqui
1547 2489 1691 2534 sciebat
1725 2497 1839 2549 poeta
1875 2504 1955 2534 rem
1993 2504 2034 2533 se
2071 2490 2253 2534 habuisse
2296 2490 2418 2534 aliter.
2476 2491 2609 2549 ltaque

195 2578 262 2615 aut
289 2573 439 2616 mentiri
469 2577 537 2615 aut
564 2569 738 2615 versibus
766 2570 987 2616 550-554
1015 2573 1271 2632 repugnantia
1297 2584 1456 2614 narrare
1483 2574 1636 2613 coactus
1666 2568 1827 2612 mediam
1858 2567 2051 2626 quandam
2080 2570 2165 2613 iniit
2191 2571 2303 2612 viam.
2356 2568 2409 2613 Ut
2431 2568 2611 2612 dissimu-

193 2650 338 2695 laretur
365 2652 633 2710 repugnantia,
661 2649 708 2692 de
737 2650 925 2693 avunculo
955 2665 977 2693 a
1007 2650 1202 2709 Meleagro
1239 2648 1436 2693 interfecto
1453 2696 1459 2711 Δ,
1468 2650 1522 2690 ita
1556 2646 1669 2699 dixit,
1706 2653 1751 2690 ut
1779 2650 1811 2691 is
1839 2652 1960 2690 videri
1985 2655 2119 2706 posset
2146 2650 2186 2691 in
2214 2651 2299 2706 ipso
2328 2648 2482 2691 demum
2510 2647 2611 2690 bello

192 2731 363 2786 periisse,
391 2744 470 2773 non
497 2729 558 2772 ille
587 2742 665 2786 quo
693 2727 856 2771 debebat
882 2726 966 2771 loco
994 2742 1075 2770 rem
1103 2742 1405 2771 commemorans
1430 2728 1546 2783 (inter
1570 2724 1653 2770 549
1681 2731 1721 2767 et
1747 2726 1859 2781 550),
1888 2725 1957 2768 sed
1986 2725 2086 2769 infra
2105 2727 2235 2782 (567),
2256 2733 2347 2785 post
2365 2741 2433 2770 eos
2461 2740 2610 2778 versus,

192 2807 332 2865 quibus
361 2808 554 2868 Meleager
583 2810 689 2851 initio
719 2806 817 2850 hello
845 2805 1061 2849 interfuisse
1096 2820 1142 2849 ac
1168 2812 1248 2849 tum
1278 2806 1449 2856 demum,
1478 2818 1598 2861 quum
1627 2805 1685 2846 ira
1714 2805 1753 2850 in
1782 2809 1942 2846 matrem
1971 2807 2149 2848 incensus
2177 2813 2279 2848 esset
2306 2803 2398 2861 (ἔδυ
2428 2819 2465 2846 v·
2494 2805 2608 2861 553),

193 2884 240 2928 ab
267 2899 314 2929 eo
342 2885 563 2930 discessisse
589 2885 843 2931 referebatur:
870 2884 1116 2929 550-556,
1170 2883 1274 2926 ldem
1322 2896 1410 2926 vero
1454 2895 1574 2939 quum
1618 2882 1715 2925 falsa
1759 2882 1901 2925 referre
1928 2882 2105 2941 religioni
2131 2885 2297 2934 duceret,
2340 2883 2465 2925 verbis
2511 2882 2608 2929 illud

195 2964 318 3021 ipsum
340 2964 468 3022 eloqui
491 2964 694 3029 diligenter
717 2963 891 3013 cavebatz
919 2976 1037 3021 quare
1058 2962 1330 3004 accuratiorem
1349 2973 1500 3001 omnem
1528 2962 1596 3011 rei,
1624 2966 1670 3002 ut
1695 2968 1806 3018 gesta
1833 2967 1945 3012 esset,
1973 2962 2254 3019 expositionem
2284 2963 2471 3019 sanguine
2500 2963 2607 3019 vipe-

194 3041 280 3084 rino
317 3044 468 3086 cautius
508 3041 675 3094 vitabat,
710 3055 798 3093 nec,
835 3055 904 3085 cur
939 3039 1000 3085 ille
1028 3039 1216 3084 Althaeae
1250 3037 1366 3081 frater
1393 3039 1542 3081 occisus
1576 3044 1694 3090 esset,
1730 3052 1799 3081 nec
1834 3038 2011 3096 quando,
2036 3053 2108 3082 nec
2135 3040 2329 3096 quomodo
2354 3053 2399 3082 ac
2425 3053 2474 3082 ne
2500 3040 2613 3098 cujas

399 3235 432 3279 ¹)
455 3239 509 3271 Ex
532 3240 605 3281 ipso
630 3235 703 3281 (aut
726 3235 811 3280 solo)
832 3240 974 3273 Homero
998 3249 1103 3281 neque
1124 3239 1322 3272 Nicandrum
1352 3246 1455 3277 neque
1478 3235 1714 3277 Apollodorum
1747 3244 1786 3267 ac
1809 3235 1912 3268 multo
1935 3236 2041 3268 minua
2078 3236 2193 3268 scholi.
2216 3236 2308 3268 ABD
2332 3237 2374 3269 ad
2397 3231 2465 3270 534
2489 3243 2523 3271 et
2545 3238 2612 3271 Eu-

193 3295 292 3326 ststh.
319 3296 468 3328 hausisse
492 3306 530 3328 eo
554 3298 727 3338 evincitur,
751 3300 840 3339 quod
862 3298 1245 3340 addideruntqqusedam,
1268 3305 1350 3336 quse
1373 3296 1415 3327 ab
1438 3295 1581 3326 Homero
1601 3295 1731 3325 absunt.
