<?xml version="1.0" encoding="UTF-8"?>
<!DOCTYPE html PUBLIC "-//W3C//DTD XHTML 1.0 Transitional//EN"
    "http://www.w3.org/TR/xhtml1/DTD/xhtml1-transitional.dtd">
<html xmlns="http://www.w3.org/1999/xhtml" xml:lang="en" lang="en">
 <head>
  <title>
</title>
<meta http-equiv="Content-Type" content="text/html;charset=utf-8" />
  <meta name='ocr-system' content='tesseract 3.04.00' />
  <meta name='ocr-capabilities' content='ocr_page ocr_carea ocr_par ocr_line ocrx_word'/>
</head>
<body>
  <div class='ocr_page' id='page_1' title='image "4766191_0020.png"; bbox 0 0 2950 3889; ppageno 0'>
   <div class='ocr_carea' id='block_1_1' title="bbox 1489 279 1552 329">
    <p class='ocr_par' dir='ltr' id='par_1_1' title="bbox 1489 279 1552 329">
     <span class='ocr_line' id='line_1_1' title="bbox 1489 279 1552 329; baseline 0 0"><span class='ocrx_word' id='word_1_1' title='bbox 1489 279 1552 329; x_wconf 92' lang='grc'>10</span> 
     </span>
    </p>
   </div>
   <div class='ocr_carea' id='block_1_2' title="bbox 288 419 2738 1973">
    <p class='ocr_par' dir='ltr' id='par_1_2' title="bbox 288 419 2738 1973">
     <span class='ocr_line' id='line_1_2' title="bbox 297 419 2736 480; baseline -0.001 -12"><span class='ocrx_word' id='word_1_2' title='bbox 297 426 331 468; x_wconf 85' lang='lat' dir='ltr'>si</span> <span class='ocrx_word' id='word_1_3' title='bbox 349 438 432 468; x_wconf 87' lang='lat' dir='ltr'>rem</span> <span class='ocrx_word' id='word_1_4' title='bbox 451 420 720 468; x_wconf 88' lang='lat' dir='ltr'>tantummodo</span> <span class='ocrx_word' id='word_1_5' title='bbox 748 425 981 479; x_wconf 75' lang='lat' dir='ltr'>spectamus,</span> <span class='ocrx_word' id='word_1_6' title='bbox 1011 420 1120 465; x_wconf 80' lang='lat' dir='ltr'>facile</span> <span class='ocrx_word' id='word_1_7' title='bbox 1148 423 1201 464; x_wconf 82' lang='lat' dir='ltr'>ita</span> <span class='ocrx_word' id='word_1_8' title='bbox 1229 419 1391 473; x_wconf 85' lang='lat' dir='ltr'>tollitur,</span> <span class='ocrx_word' id='word_1_9' title='bbox 1416 427 1463 465; x_wconf 85' lang='lat' dir='ltr'>ut</span> <span class='ocrx_word' id='word_1_10' title='bbox 1484 427 1640 480; x_wconf 83' lang='lat' dir='ltr'>praeter</span> <span class='ocrx_word' id='word_1_11' title='bbox 1658 421 1760 465; x_wconf 76' lang='lat' dir='ltr'>illam</span> <span class='ocrx_word' id='word_1_12' title='bbox 1783 421 1868 480; x_wconf 83' lang='lat' dir='ltr'>agri</span> <span class='ocrx_word' id='word_1_13' title='bbox 1880 421 2184 479; x_wconf 76' lang='lat' dir='ltr'>assignationem</span> <span class='ocrx_word' id='word_1_14' title='bbox 2202 421 2325 467; x_wconf 80' lang='lat' dir='ltr'>multa</span> <span class='ocrx_word' id='word_1_15' title='bbox 2348 420 2569 480; x_wconf 68' lang='lat' dir='ltr'>aus-resque</span> <span class='ocrx_word' id='word_1_16' title='bbox 2585 423 2736 467; x_wconf 73' lang='lat' dir='ltr'>minora</span> 
     </span>
     <span class='ocr_line' id='line_1_3' title="bbox 294 498 2559 563; baseline -0.001 -15"><span class='ocrx_word' id='word_1_17' title='bbox 294 504 399 548; x_wconf 89' lang='lat' dir='ltr'>dona</span> <span class='ocrx_word' id='word_1_18' title='bbox 427 504 620 563; x_wconf 88' lang='lat' dir='ltr'>promissa</span> <span class='ocrx_word' id='word_1_19' title='bbox 649 508 881 553; x_wconf 75' lang='lat' dir='ltr'>statuamus,</span> <span class='ocrx_word' id='word_1_20' title='bbox 911 507 1040 544; x_wconf 88' lang='lat' dir='ltr'>tamen</span> <span class='ocrx_word' id='word_1_21' title='bbox 1068 501 1154 558; x_wconf 87' lang='lat' dir='ltr'>ejus</span> <span class='ocrx_word' id='word_1_22' title='bbox 1182 501 1306 560; x_wconf 83' lang='lat' dir='ltr'>ipsius</span> <span class='ocrx_word' id='word_1_23' title='bbox 1333 502 1388 543; x_wconf 91' lang='lat' dir='ltr'>rei</span> <span class='ocrx_word' id='word_1_24' title='bbox 1415 505 1522 559; x_wconf 85' lang='lat' dir='ltr'>patet</span> <span class='ocrx_word' id='word_1_25' title='bbox 1550 515 1582 544; x_wconf 86' lang='lat' dir='ltr'>c.</span> <span class='ocrx_word' id='word_1_26' title='bbox 1610 515 1674 545; x_wconf 75' lang='lat' dir='ltr'>vv,</span> <span class='ocrx_word' id='word_1_27' title='bbox 1703 498 1935 548; x_wconf 45' lang='grc' dir='ltr'>ΗΘΛ-580·</span> <span class='ocrx_word' id='word_1_28' title='bbox 1955 499 2038 544; x_wconf 76' lang='lat' dir='ltr'>fieri</span> <span class='ocrx_word' id='word_1_29' title='bbox 2065 499 2246 545; x_wconf 79' lang='lat' dir='ltr'>debuisse</span> <span class='ocrx_word' id='word_1_30' title='bbox 2273 502 2516 546; x_wconf 73' lang='lat' dir='ltr'>mentio-em.</span> <span class='ocrx_word' id='word_1_31' title='bbox 2555 521 2559 528; x_wconf 52' lang='lat'>¹</span> 
     </span>
     <span class='ocr_line' id='line_1_4' title="bbox 495 577 2735 639; baseline -0.002 -14"><span class='ocrx_word' id='word_1_32' title='bbox 495 579 831 639; x_wconf 88' lang='lat' dir='ltr'>Deprehendimus</span> <span class='ocrx_word' id='word_1_33' title='bbox 865 582 962 623; x_wconf 86' lang='lat' dir='ltr'>satis</span> <span class='ocrx_word' id='word_1_34' title='bbox 999 580 1130 630; x_wconf 78' lang='lat' dir='ltr'>multa,</span> <span class='ocrx_word' id='word_1_35' title='bbox 1172 594 1270 637; x_wconf 88' lang='lat' dir='ltr'>quae</span> <span class='ocrx_word' id='word_1_36' title='bbox 1307 581 1347 622; x_wconf 90' lang='lat' dir='ltr'>in</span> <span class='ocrx_word' id='word_1_37' title='bbox 1380 579 1455 622; x_wconf 85' lang='lat' dir='ltr'>bae</span> <span class='ocrx_word' id='word_1_38' title='bbox 1489 582 1713 624; x_wconf 79' lang='lat' dir='ltr'>narratione</span> <span class='ocrx_word' id='word_1_39' title='bbox 1747 585 1902 639; x_wconf 81' lang='lat' dir='ltr'>peecata</span> <span class='ocrx_word' id='word_1_40' title='bbox 1939 584 2086 623; x_wconf 66' lang='lat' dir='ltr'>ussat:</span> <span class='ocrx_word' id='word_1_41' title='bbox 2122 593 2348 637; x_wconf 73' lang='lat' dir='ltr'>perversum</span> <span class='ocrx_word' id='word_1_42' title='bbox 2380 588 2514 624; x_wconf 76' lang='lat' dir='ltr'>rerum</span> <span class='ocrx_word' id='word_1_43' title='bbox 2549 577 2735 628; x_wconf 74' lang='lat' dir='ltr'>ordinem,</span> 
     </span>
     <span class='ocr_line' id='line_1_5' title="bbox 294 655 2736 716; baseline -0.003 -10"><span class='ocrx_word' id='word_1_44' title='bbox 294 662 499 705; x_wconf 73' lang='lat' dir='ltr'><strong>obscuram</strong></span> <span class='ocrx_word' id='word_1_45' title='bbox 530 659 725 702; x_wconf 84' lang='lat' dir='ltr'>interdum</span> <span class='ocrx_word' id='word_1_46' title='bbox 753 657 1022 708; x_wconf 78' lang='lat' dir='ltr'>elocutionem,</span> <span class='ocrx_word' id='word_1_47' title='bbox 1051 660 1206 708; x_wconf 87' lang='lat' dir='ltr'>omissa,</span> <span class='ocrx_word' id='word_1_48' title='bbox 1235 671 1335 715; x_wconf 87' lang='lat' dir='ltr'>quae</span> <span class='ocrx_word' id='word_1_49' title='bbox 1364 655 1468 708; x_wconf 89' lang='lat' dir='ltr'>addi,</span> <span class='ocrx_word' id='word_1_50' title='bbox 1497 656 1647 710; x_wconf 91' lang='lat' dir='ltr'>addita,</span> <span class='ocrx_word' id='word_1_51' title='bbox 1677 672 1777 716; x_wconf 87' lang='lat' dir='ltr'>quae</span> <span class='ocrx_word' id='word_1_52' title='bbox 1805 658 1929 702; x_wconf 90' lang='lat' dir='ltr'>omitti</span> <span class='ocrx_word' id='word_1_53' title='bbox 1956 660 2166 716; x_wconf 73' lang='lat' dir='ltr'>oporteret,</span> <span class='ocrx_word' id='word_1_54' title='bbox 2194 656 2361 714; x_wconf 82' lang='lat' dir='ltr'>denique</span> <span class='ocrx_word' id='word_1_55' title='bbox 2386 672 2436 702; x_wconf 82' lang='lat' dir='ltr'>ue</span> <span class='ocrx_word' id='word_1_56' title='bbox 2461 656 2623 715; x_wconf 84' lang='lat' dir='ltr'>deerant</span> <span class='ocrx_word' id='word_1_57' title='bbox 2648 656 2736 713; x_wconf 84' lang='lat' dir='ltr'>qui·</span> 
     </span>
     <span class='ocr_line' id='line_1_6' title="bbox 293 727 2735 797; baseline -0.002 -14"><span class='ocrx_word' id='word_1_58' title='bbox 293 739 391 791; x_wconf 89' lang='lat' dir='ltr'>dem,</span> <span class='ocrx_word' id='word_1_59' title='bbox 423 751 523 797; x_wconf 85' lang='lat' dir='ltr'>quae</span> <span class='ocrx_word' id='word_1_60' title='bbox 552 738 651 779; x_wconf 87' lang='lat' dir='ltr'>inter</span> <span class='ocrx_word' id='word_1_61' title='bbox 680 750 722 778; x_wconf 89' lang='lat' dir='ltr'>se</span> <span class='ocrx_word' id='word_1_62' title='bbox 751 735 850 780; x_wconf 91' lang='lat' dir='ltr'>male</span> <span class='ocrx_word' id='word_1_63' title='bbox 872 737 1130 780; x_wconf 85' lang='lat' dir='ltr'>convenirent.</span> <span class='ocrx_word' id='word_1_64' title='bbox 1187 734 1297 785; x_wconf 86' lang='lat' dir='ltr'>Quae</span> <span class='ocrx_word' id='word_1_65' title='bbox 1328 749 1449 793; x_wconf 86' lang='lat' dir='ltr'>quum</span> <span class='ocrx_word' id='word_1_66' title='bbox 1479 736 1533 779; x_wconf 90' lang='lat' dir='ltr'>ita</span> <span class='ocrx_word' id='word_1_67' title='bbox 1562 737 1652 788; x_wconf 88' lang='lat' dir='ltr'>sint,</span> <span class='ocrx_word' id='word_1_68' title='bbox 1683 736 1825 795; x_wconf 90' lang='lat' dir='ltr'>quibus</span> <span class='ocrx_word' id='word_1_69' title='bbox 1858 734 2110 795; x_wconf 81' lang='lat' dir='ltr'>probavimus</span> <span class='ocrx_word' id='word_1_70' title='bbox 2137 749 2331 779; x_wconf 84' lang='lat' dir='ltr'>summum</span> <span class='ocrx_word' id='word_1_71' title='bbox 2359 727 2494 795; x_wconf 87' lang='lat' dir='ltr'>utique</span> <span class='ocrx_word' id='word_1_72' title='bbox 2520 736 2562 780; x_wconf 87' lang='lat' dir='ltr'>in</span> <span class='ocrx_word' id='word_1_73' title='bbox 2589 734 2735 779; x_wconf 86' lang='lat' dir='ltr'>oratio-</span> 
     </span>
     <span class='ocr_line' id='line_1_7' title="bbox 291 811 2737 874; baseline -0.003 -12"><span class='ocrx_word' id='word_1_74' title='bbox 291 819 406 862; x_wconf 88' lang='lat' dir='ltr'>nibus</span> <span class='ocrx_word' id='word_1_75' title='bbox 434 816 589 874; x_wconf 87' lang='lat' dir='ltr'>Ulyssis</span> <span class='ocrx_word' id='word_1_76' title='bbox 617 821 656 857; x_wconf 88' lang='lat' dir='ltr'>et</span> <span class='ocrx_word' id='word_1_77' title='bbox 683 813 849 857; x_wconf 87' lang='lat' dir='ltr'>Achillis</span> <span class='ocrx_word' id='word_1_78' title='bbox 876 815 981 857; x_wconf 87' lang='lat' dir='ltr'>cerni</span> <span class='ocrx_word' id='word_1_79' title='bbox 1007 820 1160 872; x_wconf 82' lang='lat' dir='ltr'>poetam</span> <span class='ocrx_word' id='word_1_80' title='bbox 1190 827 1355 871; x_wconf 88' lang='lat' dir='ltr'>eumque</span> <span class='ocrx_word' id='word_1_81' title='bbox 1382 827 1503 871; x_wconf 88' lang='lat' dir='ltr'>quum</span> <span class='ocrx_word' id='word_1_82' title='bbox 1532 812 1618 857; x_wconf 88' lang='lat' dir='ltr'>aliis</span> <span class='ocrx_word' id='word_1_83' title='bbox 1646 816 1686 858; x_wconf 90' lang='lat' dir='ltr'>in</span> <span class='ocrx_word' id='word_1_84' title='bbox 1715 814 1922 872; x_wconf 83' lang='lat' dir='ltr'>generibus</span> <span class='ocrx_word' id='word_1_85' title='bbox 1949 819 2032 858; x_wconf 86' lang='lat' dir='ltr'>tum</span> <span class='ocrx_word' id='word_1_86' title='bbox 2061 815 2100 857; x_wconf 91' lang='lat' dir='ltr'>in</span> <span class='ocrx_word' id='word_1_87' title='bbox 2128 812 2191 857; x_wconf 85' lang='lat' dir='ltr'>bis</span> <span class='ocrx_word' id='word_1_88' title='bbox 2209 814 2307 872; x_wconf 76' lang='lat' dir='ltr'>ipsis</span> <span class='ocrx_word' id='word_1_89' title='bbox 2335 812 2434 864; x_wconf 77' lang='lat' dir='ltr'>fere,</span> <span class='ocrx_word' id='word_1_90' title='bbox 2455 829 2480 858; x_wconf 83' lang='lat' dir='ltr'>a</span> <span class='ocrx_word' id='word_1_91' title='bbox 2500 812 2643 872; x_wconf 88' lang='lat' dir='ltr'>quibus</span> <span class='ocrx_word' id='word_1_92' title='bbox 2673 811 2737 855; x_wconf 87' lang='lat' dir='ltr'>bie</span> 
     </span>
     <span class='ocr_line' id='line_1_8' title="bbox 292 891 2737 952; baseline -0.002 -13"><span class='ocrx_word' id='word_1_93' title='bbox 292 896 401 940; x_wconf 87' lang='lat' dir='ltr'>locus</span> <span class='ocrx_word' id='word_1_94' title='bbox 428 900 509 938; x_wconf 85' lang='lat' dir='ltr'>tam</span> <span class='ocrx_word' id='word_1_95' title='bbox 538 892 786 936; x_wconf 84' lang='lat' dir='ltr'>vehementer</span> <span class='ocrx_word' id='word_1_96' title='bbox 812 891 1007 951; x_wconf 86' lang='lat' dir='ltr'>displicet,</span> <span class='ocrx_word' id='word_1_97' title='bbox 1033 893 1218 935; x_wconf 88' lang='lat' dir='ltr'>eximium</span> <span class='ocrx_word' id='word_1_98' title='bbox 1251 918 1302 926; x_wconf 87' lang='lat'>-</span> <span class='ocrx_word' id='word_1_99' title='bbox 1333 892 1640 951; x_wconf 70' lang='lat' dir='ltr'>agnoscebamus</span> <span class='ocrx_word' id='word_1_100' title='bbox 1668 895 1768 937; x_wconf 89' lang='lat' dir='ltr'>enim</span> <span class='ocrx_word' id='word_1_101' title='bbox 1792 892 2054 937; x_wconf 82' lang='lat' dir='ltr'>admirabilem</span> <span class='ocrx_word' id='word_1_102' title='bbox 2091 893 2132 937; x_wconf 90' lang='lat' dir='ltr'>iu</span> <span class='ocrx_word' id='word_1_103' title='bbox 2157 891 2400 952; x_wconf 88' lang='lat' dir='ltr'>disponendo</span> <span class='ocrx_word' id='word_1_104' title='bbox 2428 901 2550 937; x_wconf 85' lang='lat' dir='ltr'>artem</span> <span class='ocrx_word' id='word_1_105' title='bbox 2579 897 2619 936; x_wconf 90' lang='lat' dir='ltr'>et</span> <span class='ocrx_word' id='word_1_106' title='bbox 2645 905 2737 936; x_wconf 89' lang='lat' dir='ltr'>eon-</span> 
     </span>
     <span class='ocr_line' id='line_1_9' title="bbox 292 971 2737 1029; baseline -0.002 -10"><span class='ocrx_word' id='word_1_107' title='bbox 292 976 434 1025; x_wconf 89' lang='lat' dir='ltr'>silium,</span> <span class='ocrx_word' id='word_1_108' title='bbox 464 976 504 1016; x_wconf 87' lang='lat' dir='ltr'>in</span> <span class='ocrx_word' id='word_1_109' title='bbox 533 972 752 1015; x_wconf 79' lang='lat' dir='ltr'>elocutione</span> <span class='ocrx_word' id='word_1_110' title='bbox 780 972 1114 1029; x_wconf 69' lang='lat' dir='ltr'>perspicuitatem,</span> <span class='ocrx_word' id='word_1_111' title='bbox 1141 975 1384 1022; x_wconf 85' lang='lat' dir='ltr'>suavitatem,</span> <span class='ocrx_word' id='word_1_112' title='bbox 1414 971 1646 1024; x_wconf 71' lang='lat' dir='ltr'>facilitatem,</span> <span class='ocrx_word' id='word_1_113' title='bbox 1675 975 1716 1016; x_wconf 93' lang='lat' dir='ltr'>in</span> <span class='ocrx_word' id='word_1_114' title='bbox 1744 973 1893 1016; x_wconf 86' lang='lat' dir='ltr'>delectu</span> <span class='ocrx_word' id='word_1_115' title='bbox 1921 987 2070 1023; x_wconf 89' lang='lat' dir='ltr'>eorum,</span> <span class='ocrx_word' id='word_1_116' title='bbox 2097 987 2198 1028; x_wconf 82' lang='lat' dir='ltr'>quae</span> <span class='ocrx_word' id='word_1_117' title='bbox 2225 972 2284 1015; x_wconf 80' lang='lat' dir='ltr'>vel</span> <span class='ocrx_word' id='word_1_118' title='bbox 2314 971 2507 1015; x_wconf 75' lang='lat' dir='ltr'>afferenda</span> <span class='ocrx_word' id='word_1_119' title='bbox 2534 972 2596 1014; x_wconf 84' lang='lat' dir='ltr'>vel</span> <span class='ocrx_word' id='word_1_120' title='bbox 2624 973 2737 1014; x_wconf 86' lang='lat' dir='ltr'>omit-</span> 
     </span>
     <span class='ocr_line' id='line_1_10' title="bbox 290 1049 2738 1108; baseline -0.002 -12"><span class='ocrx_word' id='word_1_121' title='bbox 290 1053 409 1096; x_wconf 85' lang='lat' dir='ltr'>tenda</span> <span class='ocrx_word' id='word_1_122' title='bbox 442 1058 592 1101; x_wconf 87' lang='lat' dir='ltr'>essent,</span> <span class='ocrx_word' id='word_1_123' title='bbox 623 1050 759 1106; x_wconf 87' lang='lat' dir='ltr'>judicii</span> <span class='ocrx_word' id='word_1_124' title='bbox 799 1050 1027 1106; x_wconf 79' lang='lat' dir='ltr'>elegantiam</span> <span class='ocrx_word' id='word_1_125' title='bbox 1058 1072 1112 1081; x_wconf 91' lang='lat'>—</span> <span class='ocrx_word' id='word_1_126' title='bbox 1140 1052 1165 1092; x_wconf 90' lang='lat' dir='ltr'>ii</span> <span class='ocrx_word' id='word_1_127' title='bbox 1201 1053 1322 1108; x_wconf 90' lang='lat' dir='ltr'>igitur</span> <span class='ocrx_word' id='word_1_128' title='bbox 1356 1066 1436 1093; x_wconf 88' lang='lat' dir='ltr'>uon</span> <span class='ocrx_word' id='word_1_129' title='bbox 1472 1050 1696 1093; x_wconf 82' lang='lat' dir='ltr'>dubitamus</span> <span class='ocrx_word' id='word_1_130' title='bbox 1733 1054 1827 1107; x_wconf 90' lang='lat' dir='ltr'>quin</span> <span class='ocrx_word' id='word_1_131' title='bbox 1861 1050 1969 1094; x_wconf 84' lang='lat' dir='ltr'>l&#39;aeile</span> <span class='ocrx_word' id='word_1_132' title='bbox 1997 1054 2076 1093; x_wconf 87' lang='lat' dir='ltr'>sint</span> <span class='ocrx_word' id='word_1_133' title='bbox 2104 1053 2344 1108; x_wconf 76' lang='lat' dir='ltr'>perspecturi</span> <span class='ocrx_word' id='word_1_134' title='bbox 2377 1062 2457 1092; x_wconf 85' lang='lat' dir='ltr'>nou</span> <span class='ocrx_word' id='word_1_135' title='bbox 2484 1053 2660 1107; x_wconf 83' lang='lat' dir='ltr'>potuisse</span> <span class='ocrx_word' id='word_1_136' title='bbox 2688 1049 2738 1091; x_wconf 91' lang='lat' dir='ltr'>ab</span> 
     </span>
     <span class='ocr_line' id='line_1_11' title="bbox 291 1126 2738 1187; baseline -0.002 -13"><span class='ocrx_word' id='word_1_137' title='bbox 291 1130 429 1174; x_wconf 86' lang='lat' dir='ltr'>eodem</span> <span class='ocrx_word' id='word_1_138' title='bbox 450 1129 524 1172; x_wconf 84' lang='lat' dir='ltr'>-iuo</span> <span class='ocrx_word' id='word_1_139' title='bbox 555 1128 655 1170; x_wconf 87' lang='lat' dir='ltr'>hanc</span> <span class='ocrx_word' id='word_1_140' title='bbox 680 1135 825 1184; x_wconf 87' lang='lat' dir='ltr'>partem</span> <span class='ocrx_word' id='word_1_141' title='bbox 855 1134 925 1178; x_wconf 89' lang='lat' dir='ltr'>tot,</span> <span class='ocrx_word' id='word_1_142' title='bbox 955 1129 1086 1176; x_wconf 79' lang='lat' dir='ltr'>tantis.</span> <span class='ocrx_word' id='word_1_143' title='bbox 1112 1128 1256 1171; x_wconf 82' lang='lat' dir='ltr'>talibus</span> <span class='ocrx_word' id='word_1_144' title='bbox 1285 1131 1387 1171; x_wconf 84' lang='lat' dir='ltr'>vitiis</span> <span class='ocrx_word' id='word_1_145' title='bbox 1416 1129 1655 1172; x_wconf 78' lang='lat' dir='ltr'>laborantem</span> <span class='ocrx_word' id='word_1_146' title='bbox 1685 1128 1887 1187; x_wconf 78' lang='lat' dir='ltr'>proficisci,</span> <span class='ocrx_word' id='word_1_147' title='bbox 1915 1130 1990 1171; x_wconf 83' lang='lat' dir='ltr'>nisi</span> <span class='ocrx_word' id='word_1_148' title='bbox 2019 1128 2117 1172; x_wconf 80' lang='lat' dir='ltr'>forte</span> <span class='ocrx_word' id='word_1_149' title='bbox 2145 1127 2179 1172; x_wconf 79' lang='lat' dir='ltr'>is</span> <span class='ocrx_word' id='word_1_150' title='bbox 2207 1129 2336 1172; x_wconf 90' lang='lat' dir='ltr'>subito</span> <span class='ocrx_word' id='word_1_151' title='bbox 2363 1130 2425 1170; x_wconf 82' lang='lat' dir='ltr'>sui</span> <span class='ocrx_word' id='word_1_152' title='bbox 2448 1126 2738 1177; x_wconf 84' lang='lat' dir='ltr'>dissimillimus,</span> 
     </span>
     <span class='ocr_line' id='line_1_12' title="bbox 293 1193 2737 1266; baseline -0.001 -17"><span class='ocrx_word' id='word_1_153' title='bbox 293 1209 352 1251; x_wconf 82' lang='lat' dir='ltr'>vel</span> <span class='ocrx_word' id='word_1_154' title='bbox 388 1210 521 1265; x_wconf 89' lang='lat' dir='ltr'>potius</span> <span class='ocrx_word' id='word_1_155' title='bbox 556 1206 668 1263; x_wconf 89' lang='lat' dir='ltr'>plane</span> <span class='ocrx_word' id='word_1_156' title='bbox 706 1205 805 1248; x_wconf 86' lang='lat' dir='ltr'>alius</span> <span class='ocrx_word' id='word_1_157' title='bbox 847 1204 971 1247; x_wconf 79' lang='lat' dir='ltr'>factus</span> <span class='ocrx_word' id='word_1_158' title='bbox 1008 1207 1069 1248; x_wconf 89' lang='lat' dir='ltr'>sit.</span> <span class='ocrx_word' id='word_1_159' title='bbox 1127 1207 1255 1266; x_wconf 82' lang='lat' dir='ltr'>Negat</span> <span class='ocrx_word' id='word_1_160' title='bbox 1291 1207 1446 1264; x_wconf 90' lang='lat' dir='ltr'>quidem</span> <span class='ocrx_word' id='word_1_161' title='bbox 1474 1206 1849 1261; x_wconf 85' lang='lat' dir='ltr'>Friedlaendcrus¹)</span> <span class='ocrx_word' id='word_1_162' title='bbox 1884 1212 1987 1249; x_wconf 84' lang='lat' dir='ltr'>recte</span> <span class='ocrx_word' id='word_1_163' title='bbox 2023 1207 2168 1250; x_wconf 85' lang='lat' dir='ltr'>licitum</span> <span class='ocrx_word' id='word_1_164' title='bbox 2203 1222 2288 1250; x_wconf 87' lang='lat' dir='ltr'>csse</span> <span class='ocrx_word' id='word_1_165' title='bbox 2313 1193 2414 1250; x_wconf 32' lang='lat' dir='ltr'>&#39;solo</span> <span class='ocrx_word' id='word_1_166' title='bbox 2448 1221 2500 1249; x_wconf 83' lang='lat' dir='ltr'>ex</span> <span class='ocrx_word' id='word_1_167' title='bbox 2527 1219 2593 1256; x_wconf 87' lang='lat' dir='ltr'>eo,</span> <span class='ocrx_word' id='word_1_168' title='bbox 2630 1204 2737 1262; x_wconf 84' lang='lat' dir='ltr'>quod</span> 
     </span>
     <span class='ocr_line' id='line_1_13' title="bbox 292 1283 2736 1343; baseline -0.002 -14"><span class='ocrx_word' id='word_1_169' title='bbox 292 1287 391 1329; x_wconf 87' lang='lat' dir='ltr'>alius</span> <span class='ocrx_word' id='word_1_170' title='bbox 420 1286 483 1328; x_wconf 89' lang='lat' dir='ltr'>alii</span> <span class='ocrx_word' id='word_1_171' title='bbox 511 1285 620 1326; x_wconf 87' lang='lat' dir='ltr'>locus</span> <span class='ocrx_word' id='word_1_172' title='bbox 650 1285 791 1325; x_wconf 82' lang='lat' dir='ltr'>virtute</span> <span class='ocrx_word' id='word_1_173' title='bbox 820 1285 970 1340; x_wconf 87' lang='lat' dir='ltr'>poetica</span> <span class='ocrx_word' id='word_1_174' title='bbox 1000 1283 1122 1334; x_wconf 87' lang='lat' dir='ltr'>cedat,</span> <span class='ocrx_word' id='word_1_175' title='bbox 1151 1288 1336 1328; x_wconf 85' lang='lat' dir='ltr'>continuo</span> <span class='ocrx_word' id='word_1_176' title='bbox 1364 1285 1412 1328; x_wconf 88' lang='lat' dir='ltr'>de</span> <span class='ocrx_word' id='word_1_177' title='bbox 1440 1285 1593 1327; x_wconf 83' lang='lat' dir='ltr'>diversa</span> <span class='ocrx_word' id='word_1_178' title='bbox 1621 1286 1827 1341; x_wconf 85' lang='lat' dir='ltr'>utriusque</span> <span class='ocrx_word' id='word_1_179' title='bbox 1847 1285 1998 1343; x_wconf 87' lang='lat' dir='ltr'>origine</span> <span class='ocrx_word' id='word_1_180' title='bbox 2024 1284 2264 1335; x_wconf 77' lang='lat' dir='ltr'>concludere,</span> <span class='ocrx_word' id='word_1_181' title='bbox 2291 1287 2366 1328; x_wconf 88' lang='lat' dir='ltr'>nisi</span> <span class='ocrx_word' id='word_1_182' title='bbox 2394 1283 2548 1343; x_wconf 89' lang='lat' dir='ltr'>quidem</span> <span class='ocrx_word' id='word_1_183' title='bbox 2576 1285 2736 1326; x_wconf 89' lang='lat' dir='ltr'>nimium</span> 
     </span>
     <span class='ocr_line' id='line_1_14' title="bbox 291 1362 2737 1424; baseline -0.001 -17"><span class='ocrx_word' id='word_1_184' title='bbox 291 1371 480 1422; x_wconf 88' lang='lat' dir='ltr'>quantum</span> <span class='ocrx_word' id='word_1_185' title='bbox 508 1364 670 1412; x_wconf 88' lang='lat' dir='ltr'>intersit,</span> <span class='ocrx_word' id='word_1_186' title='bbox 699 1362 769 1404; x_wconf 89' lang='lat' dir='ltr'>sed</span> <span class='ocrx_word' id='word_1_187' title='bbox 797 1363 837 1403; x_wconf 90' lang='lat' dir='ltr'>in</span> <span class='ocrx_word' id='word_1_188' title='bbox 868 1362 940 1404; x_wconf 89' lang='lat' dir='ltr'>bac</span> <span class='ocrx_word' id='word_1_189' title='bbox 969 1377 1085 1404; x_wconf 86' lang='lat' dir='ltr'>causa</span> <span class='ocrx_word' id='word_1_190' title='bbox 1115 1364 1154 1405; x_wconf 91' lang='lat' dir='ltr'>id</span> <span class='ocrx_word' id='word_1_191' title='bbox 1184 1366 1312 1421; x_wconf 88' lang='lat' dir='ltr'>ipsum</span> <span class='ocrx_word' id='word_1_192' title='bbox 1339 1371 1525 1424; x_wconf 86' lang='lat' dir='ltr'>putamus</span> <span class='ocrx_word' id='word_1_193' title='bbox 1554 1362 1751 1406; x_wconf 89' lang='lat' dir='ltr'>accidisse.</span> <span class='ocrx_word' id='word_1_194' title='bbox 1807 1363 1887 1406; x_wconf 86' lang='lat' dir='ltr'>Sed</span> <span class='ocrx_word' id='word_1_195' title='bbox 1916 1362 2174 1406; x_wconf 82' lang='lat' dir='ltr'>intellexerint</span> <span class='ocrx_word' id='word_1_196' title='bbox 2201 1363 2367 1424; x_wconf 82' lang='lat' dir='ltr'>fortasse</span> <span class='ocrx_word' id='word_1_197' title='bbox 2390 1363 2487 1421; x_wconf 83' lang='lat' dir='ltr'>jam,</span> <span class='ocrx_word' id='word_1_198' title='bbox 2517 1364 2583 1421; x_wconf 90' lang='lat' dir='ltr'>qui</span> <span class='ocrx_word' id='word_1_199' title='bbox 2612 1368 2737 1405; x_wconf 89' lang='lat' dir='ltr'>atten-</span> 
     </span>
     <span class='ocr_line' id='line_1_15' title="bbox 289 1441 2738 1500; baseline -0 -15"><span class='ocrx_word' id='word_1_200' title='bbox 289 1445 368 1485; x_wconf 89' lang='lat' dir='ltr'>tius</span> <span class='ocrx_word' id='word_1_201' title='bbox 396 1445 601 1500; x_wconf 81' lang='lat' dir='ltr'>superiora</span> <span class='ocrx_word' id='word_1_202' title='bbox 628 1441 804 1497; x_wconf 80' lang='lat' dir='ltr'>legerint,</span> <span class='ocrx_word' id='word_1_203' title='bbox 833 1456 920 1483; x_wconf 88' lang='lat' dir='ltr'>esse</span> <span class='ocrx_word' id='word_1_204' title='bbox 948 1441 1049 1484; x_wconf 87' lang='lat' dir='ltr'>banc</span> <span class='ocrx_word' id='word_1_205' title='bbox 1078 1451 1225 1500; x_wconf 90' lang='lat' dir='ltr'>partem</span> <span class='ocrx_word' id='word_1_206' title='bbox 1255 1446 1307 1486; x_wconf 89' lang='lat' dir='ltr'>ita</span> <span class='ocrx_word' id='word_1_207' title='bbox 1338 1448 1614 1499; x_wconf 80' lang='lat' dir='ltr'>comparatam,</span> <span class='ocrx_word' id='word_1_208' title='bbox 1642 1448 1784 1485; x_wconf 76' lang='lat' dir='ltr'>temere</span> <span class='ocrx_word' id='word_1_209' title='bbox 1813 1449 1860 1485; x_wconf 93' lang='lat' dir='ltr'>ut</span> <span class='ocrx_word' id='word_1_210' title='bbox 1887 1442 2024 1486; x_wconf 82' lang='lat' dir='ltr'>facturi</span> <span class='ocrx_word' id='word_1_211' title='bbox 2053 1444 2188 1493; x_wconf 89' lang='lat' dir='ltr'>simus,</span> <span class='ocrx_word' id='word_1_212' title='bbox 2214 1444 2248 1484; x_wconf 92' lang='lat' dir='ltr'>si</span> <span class='ocrx_word' id='word_1_213' title='bbox 2276 1456 2361 1485; x_wconf 85' lang='lat' dir='ltr'>eam</span> <span class='ocrx_word' id='word_1_214' title='bbox 2390 1444 2576 1484; x_wconf 85' lang='lat' dir='ltr'>continuo</span> <span class='ocrx_word' id='word_1_215' title='bbox 2597 1448 2643 1484; x_wconf 92' lang='lat' dir='ltr'>ut</span> <span class='ocrx_word' id='word_1_216' title='bbox 2663 1441 2738 1484; x_wconf 91' lang='lat' dir='ltr'>boc</span> 
     </span>
     <span class='ocr_line' id='line_1_16' title="bbox 290 1518 2736 1580; baseline 0 -17"><span class='ocrx_word' id='word_1_217' title='bbox 290 1525 405 1577; x_wconf 86' lang='lat' dir='ltr'>poeta</span> <span class='ocrx_word' id='word_1_218' title='bbox 434 1518 634 1580; x_wconf 89' lang='lat' dir='ltr'>indignam</span> <span class='ocrx_word' id='word_1_219' title='bbox 662 1519 925 1578; x_wconf 83' lang='lat' dir='ltr'>improbemus</span> <span class='ocrx_word' id='word_1_220' title='bbox 955 1527 1088 1562; x_wconf 90' lang='lat' dir='ltr'>totam.</span> <span class='ocrx_word' id='word_1_221' title='bbox 1148 1520 1246 1563; x_wconf 86' lang='lat' dir='ltr'>Nam</span> <span class='ocrx_word' id='word_1_222' title='bbox 1276 1535 1375 1578; x_wconf 87' lang='lat' dir='ltr'>quae</span> <span class='ocrx_word' id='word_1_223' title='bbox 1405 1520 1502 1564; x_wconf 89' lang='lat' dir='ltr'>male</span> <span class='ocrx_word' id='word_1_224' title='bbox 1531 1523 1569 1563; x_wconf 89' lang='lat' dir='ltr'>in</span> <span class='ocrx_word' id='word_1_225' title='bbox 1598 1534 1645 1563; x_wconf 91' lang='lat' dir='ltr'>co</span> <span class='ocrx_word' id='word_1_226' title='bbox 1669 1535 1711 1564; x_wconf 87' lang='lat' dir='ltr'>se</span> <span class='ocrx_word' id='word_1_227' title='bbox 1736 1520 1878 1565; x_wconf 89' lang='lat' dir='ltr'>habere</span> <span class='ocrx_word' id='word_1_228' title='bbox 1908 1521 2025 1564; x_wconf 90' lang='lat' dir='ltr'>modo</span> <span class='ocrx_word' id='word_1_229' title='bbox 2054 1520 2313 1572; x_wconf 84' lang='lat' dir='ltr'>ostendimus,</span> <span class='ocrx_word' id='word_1_230' title='bbox 2349 1532 2484 1562; x_wconf 88' lang='lat' dir='ltr'>eorum</span> <span class='ocrx_word' id='word_1_231' title='bbox 2514 1519 2616 1563; x_wconf 89' lang='lat' dir='ltr'>bona</span> <span class='ocrx_word' id='word_1_232' title='bbox 2643 1532 2736 1578; x_wconf 90' lang='lat' dir='ltr'>pars</span> 
     </span>
     <span class='ocr_line' id='line_1_17' title="bbox 290 1598 2737 1658; baseline 0 -16"><span class='ocrx_word' id='word_1_233' title='bbox 290 1599 506 1642; x_wconf 81' lang='lat' dir='ltr'>eximendis</span> <span class='ocrx_word' id='word_1_234' title='bbox 534 1599 630 1642; x_wconf 86' lang='lat' dir='ltr'>solis</span> <span class='ocrx_word' id='word_1_235' title='bbox 658 1614 720 1642; x_wconf 85' lang='lat' dir='ltr'>vv.</span> <span class='ocrx_word' id='word_1_236' title='bbox 750 1599 832 1643; x_wconf 86' lang='grc'>557</span> <span class='ocrx_word' id='word_1_237' title='bbox 847 1599 987 1643; x_wconf 86' lang='grc'>-572</span> <span class='ocrx_word' id='word_1_238' title='bbox 1016 1598 1064 1641; x_wconf 87' lang='lat' dir='ltr'>de</span> <span class='ocrx_word' id='word_1_239' title='bbox 1094 1599 1220 1642; x_wconf 91' lang='lat' dir='ltr'>medio</span> <span class='ocrx_word' id='word_1_240' title='bbox 1250 1599 1332 1642; x_wconf 89' lang='lat' dir='ltr'>tolli</span> <span class='ocrx_word' id='word_1_241' title='bbox 1363 1606 1501 1658; x_wconf 85' lang='lat' dir='ltr'>potest.</span> <span class='ocrx_word' id='word_1_242' title='bbox 1557 1599 1734 1658; x_wconf 81' lang='lat' dir='ltr'>Namque</span> <span class='ocrx_word' id='word_1_243' title='bbox 1763 1600 1824 1643; x_wconf 73' lang='lat' dir='ltr'>his</span> <span class='ocrx_word' id='word_1_244' title='bbox 1854 1600 1986 1657; x_wconf 85' lang='lat' dir='ltr'>ejectis</span> <span class='ocrx_word' id='word_1_245' title='bbox 2013 1599 2168 1644; x_wconf 88' lang='lat' dir='ltr'>sublata</span> <span class='ocrx_word' id='word_1_246' title='bbox 2195 1600 2269 1644; x_wconf 87' lang='lat' dir='ltr'>erit</span> <span class='ocrx_word' id='word_1_247' title='bbox 2296 1600 2463 1656; x_wconf 88' lang='lat' dir='ltr'>primum</span> <span class='ocrx_word' id='word_1_248' title='bbox 2491 1599 2737 1643; x_wconf 86' lang='lat' dir='ltr'>inutilissima</span> 
     </span>
     <span class='ocr_line' id='line_1_18' title="bbox 292 1673 2738 1737; baseline -0.001 -16"><span class='ocrx_word' id='word_1_249' title='bbox 292 1678 489 1736; x_wconf 84' lang='lat' dir='ltr'>digressio</span> <span class='ocrx_word' id='word_1_250' title='bbox 524 1693 586 1721; x_wconf 84' lang='lat' dir='ltr'>vv.</span> <span class='ocrx_word' id='word_1_251' title='bbox 618 1678 855 1722; x_wconf 73' lang='lat'>557—564</span> <span class='ocrx_word' id='word_1_252' title='bbox 885 1677 941 1735; x_wconf 90' lang='lat' dir='ltr'>[a]</span> <span class='ocrx_word' id='word_1_253' title='bbox 979 1692 1065 1720; x_wconf 89' lang='lat' dir='ltr'>cum</span> <span class='ocrx_word' id='word_1_254' title='bbox 1102 1677 1332 1721; x_wconf 84' lang='lat' dir='ltr'>intolerabili</span> <span class='ocrx_word' id='word_1_255' title='bbox 1368 1678 1618 1737; x_wconf 90' lang='lat' dir='ltr'>ambiguitate</span> <span class='ocrx_word' id='word_1_256' title='bbox 1653 1694 1690 1723; x_wconf 89' lang='lat' dir='ltr'>v.</span> <span class='ocrx_word' id='word_1_257' title='bbox 1719 1679 1794 1724; x_wconf 82' lang='grc'>561</span> <span class='ocrx_word' id='word_1_258' title='bbox 1832 1673 1958 1736; x_wconf 53' lang='lat' dir='ltr'>(ibim</span> <span class='ocrx_word' id='word_1_259' title='bbox 1992 1679 2148 1722; x_wconf 83' lang='lat' dir='ltr'>sublata</span> <span class='ocrx_word' id='word_1_260' title='bbox 2181 1677 2338 1728; x_wconf 88' lang='lat' dir='ltr'>deinde,</span> <span class='ocrx_word' id='word_1_261' title='bbox 2372 1677 2413 1721; x_wconf 89' lang='lat' dir='ltr'>id</span> <span class='ocrx_word' id='word_1_262' title='bbox 2448 1677 2554 1735; x_wconf 88' lang='lat' dir='ltr'>quod</span> <span class='ocrx_word' id='word_1_263' title='bbox 2581 1676 2738 1734; x_wconf 88' lang='lat' dir='ltr'>plurimi</span> 
     </span>
     <span class='ocr_line' id='line_1_19' title="bbox 291 1755 2738 1816; baseline -0.001 -16"><span class='ocrx_word' id='word_1_264' title='bbox 291 1763 356 1800; x_wconf 89' lang='lat' dir='ltr'>est</span> <span class='ocrx_word' id='word_1_265' title='bbox 384 1758 582 1807; x_wconf 87' lang='lat' dir='ltr'>momenti,</span> <span class='ocrx_word' id='word_1_266' title='bbox 611 1756 758 1814; x_wconf 85' lang='lat' dir='ltr'>duplex</span> <span class='ocrx_word' id='word_1_267' title='bbox 789 1755 852 1798; x_wconf 88' lang='lat' dir='ltr'>illa</span> <span class='ocrx_word' id='word_1_268' title='bbox 881 1758 1151 1814; x_wconf 85' lang='lat' dir='ltr'>repugnantia,</span> <span class='ocrx_word' id='word_1_269' title='bbox 1180 1756 1286 1813; x_wconf 90' lang='lat' dir='ltr'>quod</span> <span class='ocrx_word' id='word_1_270' title='bbox 1315 1770 1423 1814; x_wconf 89' lang='lat' dir='ltr'>quae·</span> <span class='ocrx_word' id='word_1_271' title='bbox 1444 1763 1556 1800; x_wconf 89' lang='lat' dir='ltr'>antea</span> <span class='ocrx_word' id='word_1_272' title='bbox 1584 1764 1746 1801; x_wconf 88' lang='lat' dir='ltr'>mortem</span> <span class='ocrx_word' id='word_1_273' title='bbox 1774 1757 1854 1800; x_wconf 83' lang='lat' dir='ltr'>filio</span> <span class='ocrx_word' id='word_1_274' title='bbox 1881 1763 1941 1801; x_wconf 89' lang='lat' dir='ltr'>est</span> <span class='ocrx_word' id='word_1_275' title='bbox 1968 1759 2175 1816; x_wconf 85' lang='lat' dir='ltr'>imprecata</span> <span class='ocrx_word' id='word_1_276' title='bbox 2194 1756 2461 1812; x_wconf 82' lang='grc'>(566-571)</span> <span class='ocrx_word' id='word_1_277' title='bbox 2483 1770 2577 1799; x_wconf 87' lang='lat' dir='ltr'>mox</span> <span class='ocrx_word' id='word_1_278' title='bbox 2604 1755 2738 1799; x_wconf 89' lang='lat' dir='ltr'>eadem</span> 
     </span>
     <span class='ocr_line' id='line_1_20' title="bbox 288 1833 2735 1895; baseline -0.001 -15"><span class='ocrx_word' id='word_1_279' title='bbox 288 1835 464 1891; x_wconf 83' lang='lat' dir='ltr'>ejusdem</span> <span class='ocrx_word' id='word_1_280' title='bbox 482 1834 667 1893; x_wconf 87' lang='lat' dir='ltr'>implorat</span> <span class='ocrx_word' id='word_1_281' title='bbox 685 1833 874 1888; x_wconf 78' lang='lat' dir='ltr'>auxilium</span> <span class='ocrx_word' id='word_1_282' title='bbox 896 1833 975 1891; x_wconf 88' lang='lat' dir='ltr'>[b],</span> <span class='ocrx_word' id='word_1_283' title='bbox 1006 1834 1191 1891; x_wconf 90' lang='lat' dir='ltr'>quodque</span> <span class='ocrx_word' id='word_1_284' title='bbox 1212 1834 1426 1894; x_wconf 81' lang='lat' dir='ltr'>Meleager,</span> <span class='ocrx_word' id='word_1_285' title='bbox 1456 1851 1690 1893; x_wconf 88' lang='lat' dir='ltr'>quamquam</span> <span class='ocrx_word' id='word_1_286' title='bbox 1717 1835 1824 1880; x_wconf 86' lang='lat' dir='ltr'>diras</span> <span class='ocrx_word' id='word_1_287' title='bbox 1846 1838 1980 1880; x_wconf 85' lang='lat' dir='ltr'>matris</span> <span class='ocrx_word' id='word_1_288' title='bbox 1996 1851 2131 1895; x_wconf 73' lang='lat' dir='ltr'>preoes</span> <span class='ocrx_word' id='word_1_289' title='bbox 2152 1841 2313 1894; x_wconf 89' lang='lat' dir='ltr'>propter</span> <span class='ocrx_word' id='word_1_290' title='bbox 2334 1852 2369 1878; x_wconf 85' lang='lat' dir='ltr'>v.</span> <span class='ocrx_word' id='word_1_291' title='bbox 2391 1836 2466 1879; x_wconf 86' lang='grc'>571</span> <span class='ocrx_word' id='word_1_292' title='bbox 2481 1851 2537 1893; x_wconf 89' lang='lat' dir='ltr'>sq.</span> <span class='ocrx_word' id='word_1_293' title='bbox 2557 1841 2735 1878; x_wconf 74' lang='lat' dir='ltr'>eventum</span> 
     </span>
     <span class='ocr_line' id='line_1_21' title="bbox 289 1912 2736 1973; baseline -0.001 -14"><span class='ocrx_word' id='word_1_294' title='bbox 289 1915 473 1959; x_wconf 88' lang='lat' dir='ltr'>habuisse</span> <span class='ocrx_word' id='word_1_295' title='bbox 502 1912 752 1956; x_wconf 89' lang='lat' dir='ltr'>statuendum</span> <span class='ocrx_word' id='word_1_296' title='bbox 780 1918 851 1962; x_wconf 89' lang='lat' dir='ltr'>est,</span> <span class='ocrx_word' id='word_1_297' title='bbox 881 1919 1007 1956; x_wconf 89' lang='lat' dir='ltr'>tamen</span> <span class='ocrx_word' id='word_1_298' title='bbox 1038 1916 1077 1957; x_wconf 90' lang='lat' dir='ltr'>in</span> <span class='ocrx_word' id='word_1_299' title='bbox 1106 1917 1186 1957; x_wconf 85' lang='lat' dir='ltr'>vita</span> <span class='ocrx_word' id='word_1_300' title='bbox 1214 1924 1344 1957; x_wconf 85' lang='lat' dir='ltr'>manet</span> <span class='ocrx_word' id='word_1_301' title='bbox 1372 1914 1676 1970; x_wconf 74' lang='lat'>(598—599):·</span> <span class='ocrx_word' id='word_1_302' title='bbox 1708 1915 1860 1959; x_wconf 87' lang='lat' dir='ltr'>sublata</span> <span class='ocrx_word' id='word_1_303' title='bbox 1895 1931 2018 1973; x_wconf 89' lang='lat' dir='ltr'>porro</span> <span class='ocrx_word' id='word_1_304' title='bbox 2050 1931 2136 1958; x_wconf 87' lang='lat' dir='ltr'>cum</span> <span class='ocrx_word' id='word_1_305' title='bbox 2168 1918 2254 1973; x_wconf 87' lang='lat' dir='ltr'>ipsa</span> <span class='ocrx_word' id='word_1_306' title='bbox 2277 1917 2392 1958; x_wconf 84' lang='lat' dir='ltr'>occisi</span> <span class='ocrx_word' id='word_1_307' title='bbox 2421 1914 2602 1957; x_wconf 85' lang='lat' dir='ltr'>avunculi</span> <span class='ocrx_word' id='word_1_308' title='bbox 2629 1929 2736 1957; x_wconf 89' lang='lat' dir='ltr'>men-</span> 
     </span>
    </p>
   </div>
   <div class='ocr_carea' id='block_1_3' title="bbox 288 1992 2801 2053">
    <p class='ocr_par' dir='ltr' id='par_1_3' title="bbox 288 1992 2801 2053">
     <span class='ocr_line' id='line_1_22' title="bbox 288 1992 2801 2053; baseline 0 -15"><span class='ocrx_word' id='word_1_309' title='bbox 288 1995 394 2038; x_wconf 89' lang='lat' dir='ltr'>tione</span> <span class='ocrx_word' id='word_1_310' title='bbox 422 1992 540 2050; x_wconf 79' lang='lat'>(567)</span> <span class='ocrx_word' id='word_1_311' title='bbox 569 1993 752 2044; x_wconf 89' lang='lat' dir='ltr'>maxima,</span> <span class='ocrx_word' id='word_1_312' title='bbox 779 2007 857 2050; x_wconf 87' lang='lat' dir='ltr'>qua</span> <span class='ocrx_word' id='word_1_313' title='bbox 885 2007 931 2036; x_wconf 84' lang='lat' dir='ltr'>ea</span> <span class='ocrx_word' id='word_1_314' title='bbox 960 1992 1135 2037; x_wconf 83' lang='lat' dir='ltr'>involuta</span> <span class='ocrx_word' id='word_1_315' title='bbox 1163 1999 1234 2045; x_wconf 89' lang='lat' dir='ltr'>est,</span> <span class='ocrx_word' id='word_1_316' title='bbox 1263 1992 1502 2045; x_wconf 78' lang='lat' dir='ltr'>obscuritas3</span> <span class='ocrx_word' id='word_1_317' title='bbox 1531 1993 1708 2038; x_wconf 87' lang='lat' dir='ltr'>sublatus</span> <span class='ocrx_word' id='word_1_318' title='bbox 1735 1994 1900 2053; x_wconf 84' lang='lat' dir='ltr'>denique</span> <span class='ocrx_word' id='word_1_319' title='bbox 1928 1995 2106 2039; x_wconf 81' lang='lat' dir='ltr'>versibus</span> <span class='ocrx_word' id='word_1_320' title='bbox 2118 1994 2200 2041; x_wconf 79' lang='lat'>573</span> <span class='ocrx_word' id='word_1_321' title='bbox 2216 2010 2298 2053; x_wconf 89' lang='lat' dir='ltr'>sqq.</span> <span class='ocrx_word' id='word_1_322' title='bbox 2323 1995 2405 2052; x_wconf 87' lang='lat' dir='ltr'>jam</span> <span class='ocrx_word' id='word_1_323' title='bbox 2428 1994 2587 2040; x_wconf 79' lang='lat' dir='ltr'>vv.553</span> <span class='ocrx_word' id='word_1_324' title='bbox 2599 1994 2736 2039; x_wconf 82' lang='lat'>—556</span> <span class='ocrx_word' id='word_1_325' title='bbox 2794 2007 2801 2015; x_wconf 91' lang='lat'><strong>·</strong></span> 
     </span>
    </p>
   </div>
   <div class='ocr_carea' id='block_1_4' title="bbox 288 2068 2736 3233">
    <p class='ocr_par' dir='ltr' id='par_1_4' title="bbox 288 2068 2736 3233">
     <span class='ocr_line' id='line_1_23' title="bbox 291 2068 2736 2132; baseline -0 -15"><span class='ocrx_word' id='word_1_326' title='bbox 291 2075 475 2117; x_wconf 87' lang='lat' dir='ltr'>contiuuo</span> <span class='ocrx_word' id='word_1_327' title='bbox 510 2068 793 2130; x_wconf 84' lang='lat' dir='ltr'>excipientibus</span> <span class='ocrx_word' id='word_1_328' title='bbox 830 2071 968 2115; x_wconf 82' lang='lat' dir='ltr'>foedus</span> <span class='ocrx_word' id='word_1_329' title='bbox 1002 2075 1238 2117; x_wconf 85' lang='lat' dir='ltr'>narrationis</span> <span class='ocrx_word' id='word_1_330' title='bbox 1276 2074 1425 2123; x_wconf 83' lang='lat' dir='ltr'>hiatus,</span> <span class='ocrx_word' id='word_1_331' title='bbox 1476 2075 1543 2131; x_wconf 89' lang='lat' dir='ltr'>qui</span> <span class='ocrx_word' id='word_1_332' title='bbox 1579 2081 1639 2117; x_wconf 90' lang='lat' dir='ltr'>est</span> <span class='ocrx_word' id='word_1_333' title='bbox 1671 2076 1771 2118; x_wconf 90' lang='lat' dir='ltr'>inter</span> <span class='ocrx_word' id='word_1_334' title='bbox 1798 2091 1859 2118; x_wconf 86' lang='lat' dir='ltr'>vv.</span> <span class='ocrx_word' id='word_1_335' title='bbox 1890 2075 1973 2120; x_wconf 81' lang='lat'>572</span> <span class='ocrx_word' id='word_1_336' title='bbox 2002 2082 2042 2118; x_wconf 89' lang='lat' dir='ltr'>et</span> <span class='ocrx_word' id='word_1_337' title='bbox 2068 2075 2150 2121; x_wconf 84' lang='lat'>573</span> <span class='ocrx_word' id='word_1_338' title='bbox 2179 2077 2433 2132; x_wconf 87' lang='lat' dir='ltr'>restitutaque</span> <span class='ocrx_word' id='word_1_339' title='bbox 2470 2081 2571 2117; x_wconf 88' lang='lat' dir='ltr'>certe</span> <span class='ocrx_word' id='word_1_340' title='bbox 2596 2073 2683 2116; x_wconf 90' lang='lat' dir='ltr'>inde</span> <span class='ocrx_word' id='word_1_341' title='bbox 2713 2089 2736 2116; x_wconf 91' lang='lat' dir='ltr'>a</span> 
     </span>
     <span class='ocr_line' id='line_1_24' title="bbox 290 2150 2735 2209; baseline 0.001 -17"><span class='ocrx_word' id='word_1_342' title='bbox 290 2167 326 2194; x_wconf 83' lang='lat' dir='ltr'>v.</span> <span class='ocrx_word' id='word_1_343' title='bbox 356 2151 442 2195; x_wconf 81' lang='lat'>550</span> <span class='ocrx_word' id='word_1_344' title='bbox 470 2156 563 2208; x_wconf 90' lang='lat' dir='ltr'>apta</span> <span class='ocrx_word' id='word_1_345' title='bbox 591 2150 694 2193; x_wconf 87' lang='lat' dir='ltr'>illius</span> <span class='ocrx_word' id='word_1_346' title='bbox 722 2154 961 2209; x_wconf 87' lang='lat' dir='ltr'>perpetuitas</span> <span class='ocrx_word' id='word_1_347' title='bbox 992 2152 1058 2209; x_wconf 90' lang='lat' dir='ltr'>[c].</span> <span class='ocrx_word' id='word_1_348' title='bbox 1115 2154 1175 2195; x_wconf 86' lang='lat' dir='ltr'>Ac</span> <span class='ocrx_word' id='word_1_349' title='bbox 1215 2153 1413 2195; x_wconf 85' lang='lat' dir='ltr'>fatendum</span> <span class='ocrx_word' id='word_1_350' title='bbox 1450 2161 1510 2195; x_wconf 87' lang='lat' dir='ltr'>est</span> <span class='ocrx_word' id='word_1_351' title='bbox 1543 2168 1736 2197; x_wconf 80' lang='lat' dir='ltr'>concursu</span> <span class='ocrx_word' id='word_1_352' title='bbox 1764 2154 1906 2197; x_wconf 86' lang='lat' dir='ltr'>horum</span> <span class='ocrx_word' id='word_1_353' title='bbox 1934 2156 2107 2197; x_wconf 89' lang='lat' dir='ltr'>omnium</span> <span class='ocrx_word' id='word_1_354' title='bbox 2136 2155 2231 2196; x_wconf 87' lang='lat' dir='ltr'>satis</span> <span class='ocrx_word' id='word_1_355' title='bbox 2260 2153 2519 2197; x_wconf 83' lang='lat' dir='ltr'>commendari</span> <span class='ocrx_word' id='word_1_356' title='bbox 2548 2152 2735 2196; x_wconf 86' lang='lat' dir='ltr'>Nitzschii</span> 
     </span>
     <span class='ocr_line' id='line_1_25' title="bbox 289 2229 2734 2293; baseline -0 -19"><span class='ocrx_word' id='word_1_357' title='bbox 289 2231 482 2274; x_wconf 88' lang='lat' dir='ltr'>rationem</span> <span class='ocrx_word' id='word_1_358' title='bbox 505 2235 670 2287; x_wconf 89' lang='lat' dir='ltr'>propter</span> <span class='ocrx_word' id='word_1_359' title='bbox 697 2231 772 2272; x_wconf 87' lang='lat' dir='ltr'>tria</span> <span class='ocrx_word' id='word_1_360' title='bbox 801 2229 879 2281; x_wconf 88' lang='lat' dir='ltr'>illa,</span> <span class='ocrx_word' id='word_1_361' title='bbox 907 2245 1006 2287; x_wconf 90' lang='lat' dir='ltr'>quae</span> <span class='ocrx_word' id='word_1_362' title='bbox 1036 2231 1155 2274; x_wconf 88' lang='lat' dir='ltr'>literis</span> <span class='ocrx_word' id='word_1_363' title='bbox 1183 2248 1218 2283; x_wconf 88' lang='lat' dir='ltr'>a,</span> <span class='ocrx_word' id='word_1_364' title='bbox 1242 2232 1280 2282; x_wconf 93' lang='lat' dir='ltr'>b,</span> <span class='ocrx_word' id='word_1_365' title='bbox 1303 2246 1323 2274; x_wconf 90' lang='lat' dir='ltr'>c</span> <span class='ocrx_word' id='word_1_366' title='bbox 1351 2233 1633 2290; x_wconf 85' lang='lat' dir='ltr'>insignivimus.</span> <span class='ocrx_word' id='word_1_367' title='bbox 1661 2247 1812 2276; x_wconf 91' lang='lat' dir='ltr'>omnem</span> <span class='ocrx_word' id='word_1_368' title='bbox 1842 2233 1943 2277; x_wconf 87' lang='lat' dir='ltr'>hanc</span> <span class='ocrx_word' id='word_1_369' title='bbox 1971 2239 2118 2293; x_wconf 86' lang='lat' dir='ltr'>partem</span> <span class='ocrx_word' id='word_1_370' title='bbox 2147 2234 2320 2290; x_wconf 90' lang='lat' dir='ltr'>spuriam</span> <span class='ocrx_word' id='word_1_371' title='bbox 2345 2230 2569 2288; x_wconf 87' lang='lat' dir='ltr'>judicantis,</span> <span class='ocrx_word' id='word_1_372' title='bbox 2599 2244 2734 2288; x_wconf 86' lang='lat' dir='ltr'>quam·</span> 
     </span>
     <span class='ocr_line' id='line_1_26' title="bbox 289 2309 2731 2368; baseline 0 -15"><span class='ocrx_word' id='word_1_373' title='bbox 289 2324 406 2367; x_wconf 86' lang='lat' dir='ltr'>quam</span> <span class='ocrx_word' id='word_1_374' title='bbox 434 2322 575 2352; x_wconf 90' lang='lat' dir='ltr'>rursus</span> <span class='ocrx_word' id='word_1_375' title='bbox 603 2311 761 2352; x_wconf 88' lang='lat' dir='ltr'>resectis</span> <span class='ocrx_word' id='word_1_376' title='bbox 789 2323 851 2351; x_wconf 81' lang='lat' dir='ltr'>vv.</span> <span class='ocrx_word' id='word_1_377' title='bbox 880 2310 1117 2354; x_wconf 80' lang='lat'>557—572</span> <span class='ocrx_word' id='word_1_378' title='bbox 1146 2310 1194 2353; x_wconf 88' lang='lat' dir='ltr'>de</span> <span class='ocrx_word' id='word_1_379' title='bbox 1223 2312 1328 2367; x_wconf 84' lang='lat' dir='ltr'>ipsa,</span> <span class='ocrx_word' id='word_1_380' title='bbox 1363 2325 1434 2353; x_wconf 90' lang='lat' dir='ltr'>cur</span> <span class='ocrx_word' id='word_1_381' title='bbox 1462 2311 1659 2368; x_wconf 83' lang='lat' dir='ltr'>Meleager</span> <span class='ocrx_word' id='word_1_382' title='bbox 1686 2314 1801 2355; x_wconf 90' lang='lat' dir='ltr'>matri</span> <span class='ocrx_word' id='word_1_383' title='bbox 1829 2313 2109 2362; x_wconf 87' lang='lat' dir='ltr'>succensuerit,</span> <span class='ocrx_word' id='word_1_384' title='bbox 2143 2325 2260 2354; x_wconf 88' lang='lat' dir='ltr'>causa</span> <span class='ocrx_word' id='word_1_385' title='bbox 2288 2311 2387 2356; x_wconf 78' lang='lat'><strong>(555</strong></span> <span class='ocrx_word' id='word_1_386' title='bbox 2415 2309 2462 2353; x_wconf 88' lang='lat' dir='ltr'>cl&#39;.</span> <span class='ocrx_word' id='word_1_387' title='bbox 2491 2310 2731 2365; x_wconf 81' lang='lat'><strong>566—572)</strong></span> 
     </span>
     <span class='ocr_line' id='line_1_27' title="bbox 288 2386 2734 2450; baseline 0 -18"><span class='ocrx_word' id='word_1_388' title='bbox 288 2387 385 2432; x_wconf 86' lang='lat' dir='ltr'>nihil</span> <span class='ocrx_word' id='word_1_389' title='bbox 412 2388 528 2447; x_wconf 89' lang='lat' dir='ltr'>plane</span> <span class='ocrx_word' id='word_1_390' title='bbox 556 2386 793 2430; x_wconf 86' lang='lat' dir='ltr'>docebimur.</span> <span class='ocrx_word' id='word_1_391' title='bbox 850 2387 932 2432; x_wconf 89' lang='lat' dir='ltr'>Sed</span> <span class='ocrx_word' id='word_1_392' title='bbox 968 2388 1122 2432; x_wconf 88' lang='lat' dir='ltr'>videtur</span> <span class='ocrx_word' id='word_1_393' title='bbox 1150 2390 1264 2432; x_wconf 89' lang='lat' dir='ltr'>etiam</span> <span class='ocrx_word' id='word_1_394' title='bbox 1295 2388 1449 2448; x_wconf 86' lang='lat' dir='ltr'>longius</span> <span class='ocrx_word' id='word_1_395' title='bbox 1477 2404 1562 2433; x_wconf 80' lang='lat' dir='ltr'>esse</span> <span class='ocrx_word' id='word_1_396' title='bbox 1588 2390 1916 2450; x_wconf 88' lang='lat' dir='ltr'>progrediendum</span> <span class='ocrx_word' id='word_1_397' title='bbox 1954 2397 1993 2435; x_wconf 87' lang='lat' dir='ltr'>et</span> <span class='ocrx_word' id='word_1_398' title='bbox 2020 2405 2067 2435; x_wconf 90' lang='lat' dir='ltr'>ne</span> <span class='ocrx_word' id='word_1_399' title='bbox 2096 2405 2157 2433; x_wconf 88' lang='lat' dir='ltr'>vv.</span> <span class='ocrx_word' id='word_1_400' title='bbox 2188 2388 2424 2435; x_wconf 75' lang='lat'>533—549</span> <span class='ocrx_word' id='word_1_401' title='bbox 2454 2387 2609 2446; x_wconf 89' lang='lat' dir='ltr'>quidem</span> <span class='ocrx_word' id='word_1_402' title='bbox 2643 2403 2734 2447; x_wconf 82' lang='lat' dir='ltr'>par-</span> 
     </span>
     <span class='ocr_line' id='line_1_28' title="bbox 290 2466 2734 2531; baseline -0 -21"><span class='ocrx_word' id='word_1_403' title='bbox 290 2467 465 2510; x_wconf 89' lang='lat' dir='ltr'>cendum.</span> <span class='ocrx_word' id='word_1_404' title='bbox 522 2467 600 2516; x_wconf 84' lang='lat' dir='ltr'>Qui</span> <span class='ocrx_word' id='word_1_405' title='bbox 628 2480 699 2508; x_wconf 91' lang='lat' dir='ltr'>cur</span> <span class='ocrx_word' id='word_1_406' title='bbox 725 2466 984 2522; x_wconf 85' lang='lat' dir='ltr'>subjiciantur</span> <span class='ocrx_word' id='word_1_407' title='bbox 1012 2470 1044 2510; x_wconf 89' lang='lat' dir='ltr'>si</span> <span class='ocrx_word' id='word_1_408' title='bbox 1074 2469 1308 2531; x_wconf 86' lang='lat' dir='ltr'>quaerimus,</span> <span class='ocrx_word' id='word_1_409' title='bbox 1337 2467 1586 2512; x_wconf 84' lang='lat' dir='ltr'>statuendum</span> <span class='ocrx_word' id='word_1_410' title='bbox 1614 2484 1719 2513; x_wconf 90' lang='lat' dir='ltr'>nunc</span> <span class='ocrx_word' id='word_1_411' title='bbox 1746 2475 1806 2513; x_wconf 86' lang='lat' dir='ltr'>est</span> <span class='ocrx_word' id='word_1_412' title='bbox 1834 2469 1897 2526; x_wconf 70' lang='grc' dir='ltr'>(εἰ.</span> <span class='ocrx_word' id='word_1_413' title='bbox 1927 2471 2010 2528; x_wconf 80' lang='grc' dir='ltr'>γάρ</span> <span class='ocrx_word' id='word_1_414' title='bbox 2039 2484 2075 2512; x_wconf 78' lang='grc' dir='ltr'>ν.</span> <span class='ocrx_word' id='word_1_415' title='bbox 2105 2469 2205 2523; x_wconf 86' lang='grc'>533)</span> <span class='ocrx_word' id='word_1_416' title='bbox 2243 2467 2398 2512; x_wconf 85' lang='lat' dir='ltr'>additos</span> <span class='ocrx_word' id='word_1_417' title='bbox 2426 2482 2493 2511; x_wconf 90' lang='lat' dir='ltr'>eos</span> <span class='ocrx_word' id='word_1_418' title='bbox 2523 2480 2606 2509; x_wconf 86' lang='lat' dir='ltr'>esse</span> <span class='ocrx_word' id='word_1_419' title='bbox 2634 2466 2734 2516; x_wconf 89' lang='lat' dir='ltr'>ideo,</span> 
     </span>
     <span class='ocr_line' id='line_1_29' title="bbox 291 2543 2733 2607; baseline 0 -19"><span class='ocrx_word' id='word_1_420' title='bbox 291 2551 337 2588; x_wconf 92' lang='lat' dir='ltr'>ut</span> <span class='ocrx_word' id='word_1_421' title='bbox 361 2544 505 2588; x_wconf 91' lang='lat' dir='ltr'>bellum</span> <span class='ocrx_word' id='word_1_422' title='bbox 534 2543 702 2587; x_wconf 90' lang='lat' dir='ltr'>duorum</span> <span class='ocrx_word' id='word_1_423' title='bbox 729 2544 966 2602; x_wconf 89' lang='lat' dir='ltr'>populorum</span> <span class='ocrx_word' id='word_1_424' title='bbox 998 2544 1286 2604; x_wconf 84' lang='lat' dir='ltr'>Calydonisque</span> <span class='ocrx_word' id='word_1_425' title='bbox 1314 2549 1558 2605; x_wconf 82' lang='lat' dir='ltr'>oppugnatio</span> <span class='ocrx_word' id='word_1_426' title='bbox 1600 2547 1649 2592; x_wconf 87' lang='lat' dir='ltr'>ab</span> <span class='ocrx_word' id='word_1_427' title='bbox 1679 2549 1795 2593; x_wconf 89' lang='lat' dir='ltr'>initiis</span> <span class='ocrx_word' id='word_1_428' title='bbox 1824 2544 1906 2592; x_wconf 84' lang='lat' dir='ltr'>suis</span> <span class='ocrx_word' id='word_1_429' title='bbox 1933 2553 2209 2607; x_wconf 84' lang='lat' dir='ltr'>repeterentur.</span> <span class='ocrx_word' id='word_1_430' title='bbox 2267 2546 2346 2592; x_wconf 88' lang='lat' dir='ltr'>Sed</span> <span class='ocrx_word' id='word_1_431' title='bbox 2376 2559 2496 2603; x_wconf 88' lang='lat' dir='ltr'>quum</span> <span class='ocrx_word' id='word_1_432' title='bbox 2526 2547 2654 2590; x_wconf 88' lang='lat' dir='ltr'>statim</span> <span class='ocrx_word' id='word_1_433' title='bbox 2685 2544 2733 2588; x_wconf 91' lang='lat' dir='ltr'>ab</span> 
     </span>
     <span class='ocr_line' id='line_1_30' title="bbox 291 2624 2734 2686; baseline -0 -19"><span class='ocrx_word' id='word_1_434' title='bbox 291 2626 377 2682; x_wconf 87' lang='lat' dir='ltr'>ipsa</span> <span class='ocrx_word' id='word_1_435' title='bbox 406 2625 697 2681; x_wconf 88' lang='lat' dir='ltr'>oppugnatione</span> <span class='ocrx_word' id='word_1_436' title='bbox 727 2629 840 2681; x_wconf 87' lang='lat' dir='ltr'>poeta</span> <span class='ocrx_word' id='word_1_437' title='bbox 868 2639 983 2667; x_wconf 89' lang='lat' dir='ltr'>orsus</span> <span class='ocrx_word' id='word_1_438' title='bbox 1012 2626 1074 2674; x_wconf 88' lang='lat' dir='ltr'>sit,</span> <span class='ocrx_word' id='word_1_439' title='bbox 1103 2628 1329 2682; x_wconf 86' lang='lat' dir='ltr'>praesertim</span> <span class='ocrx_word' id='word_1_440' title='bbox 1359 2628 1398 2670; x_wconf 89' lang='lat' dir='ltr'>in</span> <span class='ocrx_word' id='word_1_441' title='bbox 1425 2641 1489 2674; x_wconf 88' lang='lat' dir='ltr'>re,</span> <span class='ocrx_word' id='word_1_442' title='bbox 1528 2641 1626 2684; x_wconf 89' lang='lat' dir='ltr'>quae</span> <span class='ocrx_word' id='word_1_443' title='bbox 1656 2627 1729 2670; x_wconf 88' lang='lat' dir='ltr'>illis</span> <span class='ocrx_word' id='word_1_444' title='bbox 1759 2627 2000 2686; x_wconf 86' lang='lat' dir='ltr'>temporibus</span> <span class='ocrx_word' id='word_1_445' title='bbox 2028 2634 2107 2670; x_wconf 86' lang='lat' dir='ltr'>tam</span> <span class='ocrx_word' id='word_1_446' title='bbox 2136 2627 2316 2685; x_wconf 79' lang='lat' dir='ltr'>frequens</span> <span class='ocrx_word' id='word_1_447' title='bbox 2344 2630 2447 2668; x_wconf 88' lang='lat' dir='ltr'>esset</span> <span class='ocrx_word' id='word_1_448' title='bbox 2473 2639 2588 2682; x_wconf 90' lang='lat' dir='ltr'>quam</span> <span class='ocrx_word' id='word_1_449' title='bbox 2617 2624 2734 2667; x_wconf 85' lang='lat' dir='ltr'>finiti—</span> 
     </span>
     <span class='ocr_line' id='line_1_31' title="bbox 291 2700 2733 2764; baseline 0 -19"><span class='ocrx_word' id='word_1_450' title='bbox 291 2717 445 2745; x_wconf 87' lang='lat' dir='ltr'>morum</span> <span class='ocrx_word' id='word_1_451' title='bbox 474 2706 558 2745; x_wconf 88' lang='lat' dir='ltr'>erat</span> <span class='ocrx_word' id='word_1_452' title='bbox 585 2700 738 2751; x_wconf 88' lang='lat' dir='ltr'>bellum,</span> <span class='ocrx_word' id='word_1_453' title='bbox 767 2716 904 2745; x_wconf 85' lang='lat' dir='ltr'>causae</span> <span class='ocrx_word' id='word_1_454' title='bbox 927 2703 1222 2761; x_wconf 85' lang='lat' dir='ltr'>explicationem</span> <span class='ocrx_word' id='word_1_455' title='bbox 1246 2705 1329 2762; x_wconf 84' lang='lat' dir='ltr'>jam</span> <span class='ocrx_word' id='word_1_456' title='bbox 1357 2719 1437 2748; x_wconf 89' lang='lat' dir='ltr'>non</span> <span class='ocrx_word' id='word_1_457' title='bbox 1465 2712 1748 2764; x_wconf 81' lang='lat' dir='ltr'>exspectamus.</span> <span class='ocrx_word' id='word_1_458' title='bbox 1804 2706 1933 2750; x_wconf 86' lang='lat' dir='ltr'>Multo</span> <span class='ocrx_word' id='word_1_459' title='bbox 1963 2706 2123 2764; x_wconf 87' lang='lat' dir='ltr'>majoris</span> <span class='ocrx_word' id='word_1_460' title='bbox 2159 2700 2341 2748; x_wconf 85' lang='lat' dir='ltr'>iuomenti</span> <span class='ocrx_word' id='word_1_461' title='bbox 2369 2709 2440 2755; x_wconf 89' lang='lat' dir='ltr'>est,</span> <span class='ocrx_word' id='word_1_462' title='bbox 2477 2702 2595 2761; x_wconf 88' lang='lat' dir='ltr'>quod,</span> <span class='ocrx_word' id='word_1_463' title='bbox 2635 2717 2733 2762; x_wconf 89' lang='lat' dir='ltr'>quo·</span> 
     </span>
     <span class='ocr_line' id='line_1_32' title="bbox 290 2779 2733 2843; baseline 0.001 -21"><span class='ocrx_word' id='word_1_464' title='bbox 290 2779 408 2823; x_wconf 90' lang='lat' dir='ltr'>modo</span> <span class='ocrx_word' id='word_1_465' title='bbox 438 2795 462 2822; x_wconf 89' lang='lat' dir='ltr'>a</span> <span class='ocrx_word' id='word_1_466' title='bbox 489 2782 693 2823; x_wconf 82' lang='lat' dir='ltr'>venatione</span> <span class='ocrx_word' id='word_1_467' title='bbox 729 2779 780 2823; x_wconf 88' lang='lat' dir='ltr'>ad</span> <span class='ocrx_word' id='word_1_468' title='bbox 815 2780 955 2823; x_wconf 91' lang='lat' dir='ltr'>bellum</span> <span class='ocrx_word' id='word_1_469' title='bbox 991 2790 1216 2838; x_wconf 86' lang='lat' dir='ltr'>perventum</span> <span class='ocrx_word' id='word_1_470' title='bbox 1245 2785 1312 2833; x_wconf 91' lang='lat' dir='ltr'>sit,</span> <span class='ocrx_word' id='word_1_471' title='bbox 1353 2798 1401 2827; x_wconf 90' lang='lat' dir='ltr'>ne</span> <span class='ocrx_word' id='word_1_472' title='bbox 1439 2784 1598 2842; x_wconf 86' lang='lat' dir='ltr'>planum</span> <span class='ocrx_word' id='word_1_473' title='bbox 1633 2784 1788 2843; x_wconf 87' lang='lat' dir='ltr'>quidem</span> <span class='ocrx_word' id='word_1_474' title='bbox 1815 2784 1860 2827; x_wconf 79' lang='lat' dir='ltr'>fit</span> <span class='ocrx_word' id='word_1_475' title='bbox 1886 2786 1983 2834; x_wconf 78' lang='lat' dir='ltr'>istis,</span> <span class='ocrx_word' id='word_1_476' title='bbox 2019 2799 2118 2843; x_wconf 90' lang='lat' dir='ltr'>quae</span> <span class='ocrx_word' id='word_1_477' title='bbox 2152 2782 2389 2843; x_wconf 84' lang='lat' dir='ltr'>explanandi</span> <span class='ocrx_word' id='word_1_478' title='bbox 2412 2796 2530 2825; x_wconf 88' lang='lat' dir='ltr'>causa</span> <span class='ocrx_word' id='word_1_479' title='bbox 2554 2781 2733 2825; x_wconf 81' lang='lat' dir='ltr'>videntur</span> 
     </span>
     <span class='ocr_line' id='line_1_33' title="bbox 289 2852 2731 2921; baseline 0.001 -19"><span class='ocrx_word' id='word_1_480' title='bbox 289 2858 432 2902; x_wconf 83' lang='lat' dir='ltr'>afferri.</span> <span class='ocrx_word' id='word_1_481' title='bbox 490 2858 686 2902; x_wconf 89' lang='lat' dir='ltr'>Docemur</span> <span class='ocrx_word' id='word_1_482' title='bbox 721 2859 823 2902; x_wconf 88' lang='lat' dir='ltr'>enim</span> <span class='ocrx_word' id='word_1_483' title='bbox 851 2872 973 2902; x_wconf 90' lang='lat' dir='ltr'>unum</span> <span class='ocrx_word' id='word_1_484' title='bbox 1001 2858 1093 2911; x_wconf 88' lang='lat' dir='ltr'>hoc,</span> <span class='ocrx_word' id='word_1_485' title='bbox 1129 2860 1292 2904; x_wconf 86' lang='lat' dir='ltr'>Dianam</span> <span class='ocrx_word' id='word_1_486' title='bbox 1329 2852 1429 2906; x_wconf 89' lang='lat' dir='ltr'>inter</span> <span class='ocrx_word' id='word_1_487' title='bbox 1457 2862 1618 2906; x_wconf 88' lang='lat' dir='ltr'>Curetes</span> <span class='ocrx_word' id='word_1_488' title='bbox 1646 2869 1686 2906; x_wconf 88' lang='lat' dir='ltr'>et</span> <span class='ocrx_word' id='word_1_489' title='bbox 1713 2862 1877 2907; x_wconf 88' lang='lat' dir='ltr'>Aetolos</span> <span class='ocrx_word' id='word_1_490' title='bbox 1910 2861 1960 2907; x_wconf 89' lang='lat' dir='ltr'>de</span> <span class='ocrx_word' id='word_1_491' title='bbox 1992 2866 2117 2921; x_wconf 86' lang='lat' dir='ltr'>eapite</span> <span class='ocrx_word' id='word_1_492' title='bbox 2145 2871 2183 2906; x_wconf 92' lang='lat' dir='ltr'>et</span> <span class='ocrx_word' id='word_1_493' title='bbox 2213 2862 2310 2920; x_wconf 89' lang='lat' dir='ltr'>pelle</span> <span class='ocrx_word' id='word_1_494' title='bbox 2339 2863 2424 2918; x_wconf 88' lang='lat' dir='ltr'>apri</span> <span class='ocrx_word' id='word_1_495' title='bbox 2451 2863 2731 2904; x_wconf 84' lang='lat' dir='ltr'>contentionem</span> 
     </span>
     <span class='ocr_line' id='line_1_34' title="bbox 289 2923 2732 3000; baseline 0.001 -19"><span class='ocrx_word' id='word_1_496' title='bbox 289 2938 495 2997; x_wconf 84' lang='lat' dir='ltr'>rixamque</span> <span class='ocrx_word' id='word_1_497' title='bbox 522 2938 659 2981; x_wconf 86' lang='lat' dir='ltr'>civisse</span> <span class='ocrx_word' id='word_1_498' title='bbox 689 2935 790 2993; x_wconf 68' lang='lat'>(547</span> <span class='ocrx_word' id='word_1_499' title='bbox 805 2936 987 2990; x_wconf 70' lang='lat'>—549);</span> <span class='ocrx_word' id='word_1_500' title='bbox 1023 2953 1111 2981; x_wconf 88' lang='lat' dir='ltr'>nam</span> <span class='ocrx_word' id='word_1_501' title='bbox 1148 2938 1279 2998; x_wconf 74' lang='grc' dir='ltr'><strong><em>ἀυτῆς·</em></strong></span> <span class='ocrx_word' id='word_1_502' title='bbox 1309 2940 1498 2984; x_wconf 89' lang='lat' dir='ltr'>vocabulo</span> <span class='ocrx_word' id='word_1_503' title='bbox 1534 2943 1574 2984; x_wconf 91' lang='lat' dir='ltr'>in</span> <span class='ocrx_word' id='word_1_504' title='bbox 1610 2940 1685 2984; x_wconf 86' lang='lat' dir='ltr'>boc</span> <span class='ocrx_word' id='word_1_505' title='bbox 1720 2923 1793 2984; x_wconf 55' lang='lat' dir='ltr'>logi</span> <span class='ocrx_word' id='word_1_506' title='bbox 1829 2956 1936 2985; x_wconf 86' lang='lat' dir='ltr'>nexu</span> <span class='ocrx_word' id='word_1_507' title='bbox 1968 2942 2111 2986; x_wconf 92' lang='lat' dir='ltr'>bellum</span> <span class='ocrx_word' id='word_1_508' title='bbox 2140 2941 2351 3000; x_wconf 80' lang='lat' dir='ltr'>significari</span> <span class='ocrx_word' id='word_1_509' title='bbox 2377 2941 2446 2983; x_wconf 81' lang='lat' dir='ltr'>vix</span> <span class='ocrx_word' id='word_1_510' title='bbox 2474 2954 2588 2998; x_wconf 89' lang='lat' dir='ltr'>posse</span> <span class='ocrx_word' id='word_1_511' title='bbox 2612 2954 2732 2998; x_wconf 87' lang='lat' dir='ltr'>supra</span> 
     </span>
     <span class='ocr_line' id='line_1_35' title="bbox 289 3015 2731 3079; baseline 0.001 -19"><span class='ocrx_word' id='word_1_512' title='bbox 289 3015 652 3060; x_wconf 83' lang='lat' dir='ltr'>demonstravimus.</span> <span class='ocrx_word' id='word_1_513' title='bbox 711 3016 835 3074; x_wconf 83' lang='lat' dir='ltr'>Atqui</span> <span class='ocrx_word' id='word_1_514' title='bbox 864 3018 930 3067; x_wconf 87' lang='lat' dir='ltr'>sie,</span> <span class='ocrx_word' id='word_1_515' title='bbox 960 3016 999 3060; x_wconf 91' lang='lat' dir='ltr'>id</span> <span class='ocrx_word' id='word_1_516' title='bbox 1029 3017 1133 3074; x_wconf 91' lang='lat' dir='ltr'>quod</span> <span class='ocrx_word' id='word_1_517' title='bbox 1154 3018 1292 3062; x_wconf 89' lang='lat' dir='ltr'>ibidem</span> <span class='ocrx_word' id='word_1_518' title='bbox 1317 3022 1399 3072; x_wconf 90' lang='lat' dir='ltr'>jam</span> <span class='ocrx_word' id='word_1_519' title='bbox 1422 3023 1656 3071; x_wconf 85' lang='lat' dir='ltr'>monuimus,</span> <span class='ocrx_word' id='word_1_520' title='bbox 1693 3035 1771 3063; x_wconf 89' lang='lat' dir='ltr'>non</span> <span class='ocrx_word' id='word_1_521' title='bbox 1799 3021 1938 3072; x_wconf 87' lang='lat' dir='ltr'>solum,</span> <span class='ocrx_word' id='word_1_522' title='bbox 1966 3021 2164 3079; x_wconf 90' lang='lat' dir='ltr'>quomodo</span> <span class='ocrx_word' id='word_1_523' title='bbox 2193 3036 2217 3063; x_wconf 84' lang='lat' dir='ltr'>a</span> <span class='ocrx_word' id='word_1_524' title='bbox 2245 3021 2335 3062; x_wconf 85' lang='lat' dir='ltr'>rixa</span> <span class='ocrx_word' id='word_1_525' title='bbox 2363 3019 2412 3062; x_wconf 90' lang='lat' dir='ltr'>ad</span> <span class='ocrx_word' id='word_1_526' title='bbox 2440 3018 2583 3062; x_wconf 89' lang='lat' dir='ltr'>bellum</span> <span class='ocrx_word' id='word_1_527' title='bbox 2613 3019 2731 3077; x_wconf 72' lang='lat' dir='ltr'>‘&#39;aly-</span> 
     </span>
     <span class='ocr_line' id='line_1_36' title="bbox 290 3094 2731 3159; baseline 0 -20"><span class='ocrx_word' id='word_1_528' title='bbox 290 3094 507 3153; x_wconf 89' lang='lat' dir='ltr'>douemque</span> <span class='ocrx_word' id='word_1_529' title='bbox 536 3094 843 3154; x_wconf 88' lang='lat' dir='ltr'>oppugnandam</span> <span class='ocrx_word' id='word_1_530' title='bbox 870 3109 935 3138; x_wconf 88' lang='lat' dir='ltr'>res</span> <span class='ocrx_word' id='word_1_531' title='bbox 965 3094 1129 3139; x_wconf 84' lang='lat' dir='ltr'>deducta</span> <span class='ocrx_word' id='word_1_532' title='bbox 1156 3104 1268 3148; x_wconf 88' lang='lat' dir='ltr'>esset,</span> <span class='ocrx_word' id='word_1_533' title='bbox 1297 3113 1375 3141; x_wconf 91' lang='lat' dir='ltr'>non</span> <span class='ocrx_word' id='word_1_534' title='bbox 1398 3102 1633 3157; x_wconf 82' lang='lat' dir='ltr'>expositum,</span> <span class='ocrx_word' id='word_1_535' title='bbox 1662 3099 1729 3143; x_wconf 88' lang='lat' dir='ltr'>sed</span> <span class='ocrx_word' id='word_1_536' title='bbox 1752 3115 1799 3143; x_wconf 89' lang='lat' dir='ltr'>ne</span> <span class='ocrx_word' id='word_1_537' title='bbox 1820 3099 1868 3143; x_wconf 89' lang='lat' dir='ltr'>de</span> <span class='ocrx_word' id='word_1_538' title='bbox 1890 3103 1975 3159; x_wconf 88' lang='lat' dir='ltr'>ipso</span> <span class='ocrx_word' id='word_1_539' title='bbox 1996 3100 2149 3159; x_wconf 89' lang='lat' dir='ltr'>quidem</span> <span class='ocrx_word' id='word_1_540' title='bbox 2174 3098 2272 3142; x_wconf 88' lang='lat' dir='ltr'>bello</span> <span class='ocrx_word' id='word_1_541' title='bbox 2295 3097 2568 3141; x_wconf 84' lang='lat' dir='ltr'>axardesecnte</span> <span class='ocrx_word' id='word_1_542' title='bbox 2587 3097 2731 3141; x_wconf 88' lang='lat' dir='ltr'>dictum</span> 
     </span>
     <span class='ocr_line' id='line_1_37' title="bbox 288 3174 2730 3233; baseline 0 -15"><span class='ocrx_word' id='word_1_543' title='bbox 288 3183 358 3218; x_wconf 89' lang='lat' dir='ltr'>est.</span> <span class='ocrx_word' id='word_1_544' title='bbox 417 3174 496 3219; x_wconf 89' lang='lat' dir='ltr'>Sed</span> <span class='ocrx_word' id='word_1_545' title='bbox 525 3190 731 3232; x_wconf 84' lang='lat' dir='ltr'>ponamus,</span> <span class='ocrx_word' id='word_1_546' title='bbox 762 3189 1000 3233; x_wconf 90' lang='lat' dir='ltr'>quamquam</span> <span class='ocrx_word' id='word_1_547' title='bbox 1031 3174 1141 3219; x_wconf 86' lang='lat' dir='ltr'>licere</span> <span class='ocrx_word' id='word_1_548' title='bbox 1169 3190 1282 3233; x_wconf 87' lang='lat' dir='ltr'>nego,</span> <span class='ocrx_word' id='word_1_549' title='bbox 1316 3192 1472 3221; x_wconf 88' lang='lat' dir='ltr'>sensum</span> <span class='ocrx_word' id='word_1_550' title='bbox 1510 3178 1716 3222; x_wconf 87' lang='lat' dir='ltr'>verborum</span> <span class='ocrx_word' id='word_1_551' title='bbox 1745 3194 1848 3222; x_wconf 90' lang='lat' dir='ltr'>esse:</span> <span class='ocrx_word' id='word_1_552' title='bbox 1893 3180 2032 3223; x_wconf 88' lang='lat' dir='ltr'>Diana·</span> <span class='ocrx_word' id='word_1_553' title='bbox 2055 3179 2190 3222; x_wconf 88' lang='lat' dir='ltr'>turbas</span> <span class='ocrx_word' id='word_1_554' title='bbox 2220 3188 2252 3220; x_wconf 84' lang='lat' dir='ltr'>et</span> <span class='ocrx_word' id='word_1_555' title='bbox 2279 3182 2405 3220; x_wconf 83' lang='lat' dir='ltr'>bellum</span> <span class='ocrx_word' id='word_1_556' title='bbox 2442 3179 2542 3221; x_wconf 89' lang='lat' dir='ltr'>inter</span> <span class='ocrx_word' id='word_1_557' title='bbox 2571 3177 2730 3221; x_wconf 86' lang='lat' dir='ltr'>Curetes</span> 
     </span>
    </p>
   </div>
   <div class='ocr_carea' id='block_1_5' title="bbox 379 3282 519 3286">
    <p class='ocr_par' dir='ltr' id='par_1_5' title="bbox 379 3282 519 3286">
     <span class='ocr_line' id='line_1_38' title="bbox 379 3282 519 3286; baseline 0 0"><span class='ocrx_word' id='word_1_558' title='bbox 379 3282 519 3286; x_wconf 95' lang='lat' dir='ltr'> </span> 
     </span>
    </p>
   </div>
   <div class='ocr_carea' id='block_1_6' title="bbox 522 3282 643 3286">
    <p class='ocr_par' dir='ltr' id='par_1_6' title="bbox 522 3282 643 3286">
     <span class='ocr_line' id='line_1_39' title="bbox 522 3282 643 3286; baseline 0 0"><span class='ocrx_word' id='word_1_559' title='bbox 522 3282 643 3286; x_wconf 95' lang='lat' dir='ltr'> </span> 
     </span>
    </p>
   </div>
   <div class='ocr_carea' id='block_1_7' title="bbox 646 3281 832 3288">
    <p class='ocr_par' dir='ltr' id='par_1_7' title="bbox 646 3281 832 3288">
     <span class='ocr_line' id='line_1_40' title="bbox 646 3281 832 3288; baseline 0 0"><span class='ocrx_word' id='word_1_560' title='bbox 646 3281 832 3288; x_wconf 95' lang='lat' dir='ltr'> </span> 
     </span>
    </p>
   </div>
   <div class='ocr_carea' id='block_1_8' title="bbox 500 3347 2233 3397">
    <p class='ocr_par' dir='ltr' id='par_1_8' title="bbox 500 3347 2233 3397">
     <span class='ocr_line' id='line_1_41' title="bbox 500 3347 2233 3397; baseline 0.002 -16"><span class='ocrx_word' id='word_1_561' title='bbox 500 3347 530 3387; x_wconf 78' lang='lat'>¹)</span> <span class='ocrx_word' id='word_1_562' title='bbox 558 3350 619 3381; x_wconf 76' lang='lat' dir='ltr'>Die</span> <span class='ocrx_word' id='word_1_563' title='bbox 646 3351 858 3383; x_wconf 65' lang='lat' dir='ltr'>nomen-{sebe</span> <span class='ocrx_word' id='word_1_564' title='bbox 883 3352 982 3383; x_wconf 81' lang='lat' dir='ltr'>kritik</span> <span class='ocrx_word' id='word_1_565' title='bbox 1009 3362 1075 3383; x_wconf 81' lang='lat' dir='ltr'>von</span> <span class='ocrx_word' id='word_1_566' title='bbox 1104 3352 1194 3385; x_wconf 72' lang='lat' dir='ltr'>wolf</span> <span class='ocrx_word' id='word_1_567' title='bbox 1217 3354 1265 3384; x_wconf 71' lang='lat' dir='ltr'>bis</span> <span class='ocrx_word' id='word_1_568' title='bbox 1291 3353 1400 3386; x_wconf 71' lang='lat' dir='ltr'>Grote.</span> <span class='ocrx_word' id='word_1_569' title='bbox 1451 3355 1572 3391; x_wconf 81' lang='lat' dir='ltr'>Berlin,</span> <span class='ocrx_word' id='word_1_570' title='bbox 1598 3354 1725 3387; x_wconf 61' lang='lat' dir='ltr'>Reium</span> <span class='ocrx_word' id='word_1_571' title='bbox 1753 3350 1840 3389; x_wconf 75' lang='lat'>1853</span> <span class='ocrx_word' id='word_1_572' title='bbox 1865 3366 1940 3397; x_wconf 74' lang='lat' dir='ltr'>pag.</span> <span class='ocrx_word' id='word_1_573' title='bbox 1966 3351 2010 3388; x_wconf 86' lang='grc'>69</span> <span class='ocrx_word' id='word_1_574' title='bbox 2035 3357 2076 3387; x_wconf 77' lang='lat'>01.</span> <span class='ocrx_word' id='word_1_575' title='bbox 2101 3366 2175 3387; x_wconf 74' lang='lat' dir='ltr'>anu.</span> <span class='ocrx_word' id='word_1_576' title='bbox 2201 3350 2233 3386; x_wconf 82' lang='lat'>2.</span> 
     </span>
    </p>
   </div>
  </div>
 </body>
</html>
