2950 3889
1497 249 1526 297 8

291 393 403 433 tinuo
433 390 605 434 additum
635 395 712 431 est:
741 388 804 434 ὧς·
830 387 946 446 ἔφατ’
979 389 1222 448 εὐχόμενος,
1252 391 1324 432 τοῦ
1353 390 1402 432 δὲ
1430 364 1527 432 κλύε
1552 390 1724 449 μητιέτα
1752 390 1875 438 Ζεύς.
1932 392 1994 450 τῷ
2035 391 2070 435 δ’
2108 392 2254 450 ἕτερον
2293 391 2372 448 μὲν
2400 388 2535 434 ἔδωκε
2569 391 2723 451 πατήρ,

292 469 440 527 ἕτερον
468 468 504 511 δ’
533 467 764 510 ἀνένευσεν.
823 466 929 510 Licet
956 469 1077 525 igitur
1104 483 1183 510 non
1212 468 1337 510 solum
1366 482 1439 526 per
1465 481 1682 511 sermonem
1710 468 1971 520 Homericum,
1998 471 2068 513 sed
2095 473 2210 514 etiam
2244 468 2416 528 postulat
2444 471 2494 521 is,
2535 476 2582 514 ut
2616 469 2724 513 illum

293 563 447 607 quoqne
476 547 601 590 locum
631 545 676 602 (l,
704 545 947 599 571-572)
976 545 1024 589 de
1051 546 1246 589 exauditis
1275 546 1370 590 diris
1405 548 1541 590 matris
1574 544 1755 605 precibus
1783 547 2028 603 accipiamus,
2057 551 2283 605 praesertim
2311 562 2429 607 quum
2445 539 2634 605 'nunquia
2660 546 2726 595 illa

292 629 377 684 ipsa
406 628 498 681 (τῆς
524 648 576 656 -
609 623 783 682 ἔχουσα)
813 638 892 667 non
922 630 1082 682 possent
1109 639 1188 667 non
1215 624 1335 667 videri
1365 628 1597 669 otiosissime
1621 624 1806 680 subjecta.
1855 624 2016 667 Accedit
2042 625 2120 668 huc
2146 629 2303 670 tertium
2332 625 2526 684 quiddam.
2572 625 2722 668 Etenim

292 718 390 761 quae
418 702 466 746 de
495 701 710 759 Calydonia
755 705 955 745 venatione
991 702 1117 759 deque
1153 710 1354 746 exsecrata
1392 710 1555 764 propter
1589 702 1745 746 fratrem
1782 704 1951 745 occisum
1987 700 2157 745 Althaea
2191 704 2312 748 filium
2347 711 2463 763 poeta
2499 708 2721 748 narrantem

290 782 377 826 secit
408 783 651 832 Phoenicem,
679 796 731 824 ex
760 784 947 826 momoria
977 782 1214 839 antiquitatis
1241 783 1405 839 repetita
1433 796 1516 825 esse
1546 787 1662 838 patet.
1718 779 1806 824 Jam
1841 795 1965 838 ponas
2000 779 2187 824 traditum
2224 781 2343 827 fuisse
2370 784 2472 828 fama
2501 781 2549 825 de
2577 779 2723 824 Melea·-

290 876 363 919 gro
392 860 718 918 devoto.quidem
747 876 771 904 a
801 869 921 904 matre
949 861 1016 903 sed
1047 860 1203 911 frustra,
1241 860 1336 903 haec
1364 862 1474 903 irrita
1506 861 1641 902 matris
1676 860 1892 902 exsecratio
1921 874 1971 902 ex
1997 862 2217 917 priscorum
2244 862 2445 905 homiuum
2472 876 2589 904 sensu
2617 858 2722 917 quid,

291 953 450 996 quaeso,
479 939 618 982 suisset
644 939 729 982 rei?
784 939 865 982 Nec
893 954 983 982 vero
1012 941 1141 982 inania
1169 945 1208 981 et
1235 954 1336 981 vana
1365 941 1405 981 in
1431 937 1571 981 sabulis
1595 939 1872 996 antiquissimis
1901 938 2027 982 solent
2053 938 2301 997 deprehendi.
2357 939 2466 998 Ergo
2494 939 2633 983 samam
2661 938 2724 982 vel

289 1018 340 1060 ob
370 1033 453 1060 eam
484 1033 640 1061 causam
670 1025 839 1060 statuere
867 1018 1050 1060 debemus
1080 1017 1198 1060 fuisse
1227 1018 1327 1059 hanc
1356 1023 1399 1059 ut
1421 1031 1553 1074 preces
1582 1019 1718 1059 matris
1759 1023 1938 1060 eventum
1975 1017 2157 1060 habuisse
2186 1018 2490 1075 perhiberentur.
2547 1018 2635 1060 dam
2663 1016 2723 1059 sae

291 1103 446 1152 poetam
477 1097 655 1139 consulto
686 1097 734 1139 ab
763 1112 822 1145 eo,
852 1096 957 1153 quod
987 1095 1105 1153 vulgo
1135 1095 1373 1144 credebatur,
1401 1096 1658 1138 discedentem
1693 1099 1829 1138 matris
1861 1099 2164 1139 exsecrationem
2207 1099 2354 1138 irritam
2392 1097 2564 1147 finxisse,
2592 1111 2722 1138 nonne

290 1178 345 1218 sic
374 1176 495 1218 multo
525 1178 639 1218 etiam
669 1177 836 1232 ineptius
865 1174 1078 1216 addidisset
1106 1178 1178 1232 τῆς
1206 1172 1240 1215 δ’
1272 1174 1514 1232 ἠεροφοῖτις
1524 1174 1664 1231 ἐρινύς·
1682 1164 1841 1229 ignavae
1857 1175 1908 1223 ἐξ
1924 1174 2166 1232 ἐρέβεσφιν,
2195 1174 2405 1233 ἀμείλιχον
2415 1173 2519 1233 ἦτορ
2543 1174 2714 1234 ἔχουσα,

290 1255 432 1311 quibus
460 1255 635 1297 futurum
663 1253 746 1304 fuit,
775 1260 832 1303 ut,
862 1252 968 1310 quod
996 1252 1203 1302 serebatur,
1232 1268 1310 1295 non
1341 1252 1536 1296 videretur
1562 1267 1717 1310 negare,
1747 1252 1815 1295 sed
1845 1252 2064 1297 affirmare?

490 1331 599 1381 Quae
639 1347 759 1388 quum
808 1335 860 1374 ita
896 1335 994 1379 sint,
1032 1333 1099 1388 qui
1135 1346 1193 1372 vv.
1233 1330 1469 1375 571—572
1497 1332 1737 1387 composuit,
1764 1333 1858 1388 quin
1885 1336 1992 1374 ratas
2020 1330 2139 1374 fuisse
2168 1333 2333 1375 voluerit
2360 1332 2549 1375 Althaeae
2577 1347 2722 1389 preces,

288 1409 381 1452 mihi
411 1409 566 1473 quidem
594 1424 674 1453 non
702 1417 762 1453 est
788 1409 962 1453 dubium.
1020 1408 1100 1452 Nec
1130 1410 1240 1453 video
1270 1417 1423 1468 praeter
1452 1408 1649 1467 Heynium
1677 1408 1845 1466 (observ.
1874 1409 1925 1453 ad
1953 1409 2065 1465 567),
2103 1413 2173 1468 qui
2212 1417 2340 1454 tamen
2367 1410 2441 1454 sibi
2469 1411 2554 1468 ipse
2581 1425 2721 1468 parum

286 1493 438 1529 constat
483 1488 587 1539 (vide
615 1493 747 1531 notam
778 1488 829 1531 ad
854 1488 1103 1542 564-68),
1140 1490 1366 1545 interpretes
1401 1489 1482 1530 sive
1511 1502 1610 1544 quos
1639 1487 1736 1530 alios
1766 1490 1951 1545 inspicere
1973 1502 2076 1530 nunc
2098 1491 2226 1547 ipsum
2247 1488 2334 1531 licet
2361 1488 2574 1540 dissentire,
2604 1490 2719 1532 immo

287 1564 430 1607 multos
452 1566 653 1608 nobiscum
677 1566 820 1610 facere:
841 1567 951 1610 Eust.
976 1581 1013 1625 p.
1033 1568 1128 1617 775,
1150 1568 1176 1610 4
1195 1581 1280 1624 sqq.
1315 1567 1413 1618 ,ὅτι
1443 1566 1497 1608 δὲ
1526 1567 1609 1608 καὶ
1634 1565 1932 1626 ἠνόσῦησαν
1960 1566 2010 1608 αἱ
2031 1568 2120 1625 τῆς
2137 1567 2343 1625 μητρὸς
2363 1566 2504 1624 ἀραὶ,
2522 1568 2548 1627 ἡ
2569 1567 2719 1611 παλαιὰ

288 1643 449 1700 ἱστορία
483 1643 613 1703 δηλοῖ.
650 1646 712 1692 ὡς
747 1646 829 1702 γὰρ
860 1646 941 1702 πρὸ
972 1645 1120 1699 ὀλίγων
1148 1647 1173 1704 ὴ
1205 1648 1276 1688 τοῦ
1304 1644 1556 1702 Ἀμύντορος
1574 1645 1659 1702 ἀρὰ
1696 1645 1760 1687 ἐπὶ
1786 1646 1844 1701 τῷ
1887 1643 2039 1687 Φοίνικι
2068 1644 2118 1687 οὐ
2147 1643 2335 1687 διέπεσεν
2363 1646 2440 1701 (vv.
2469 1646 2720 1703 454-457)‚

287 1720 424 1768 οὕτως
452 1721 551 1765 οὐδὲ
579 1723 606 1781 ὴ
633 1724 811 1781 μητρικὴ
847 1723 951 1764 κατὰ
982 1724 1054 1765 τοῦ
1086 1722 1350 1779 Μελεάγρου,
1388 1722 1728 1769 διδάσκοντος
1758 1722 1842 1764 καὶ
1881 1720 2014 1765 οὕτω
2055 1723 2143 1765 τοῦ
2172 1724 2386 1780 ποιητοῦ
2415 1723 2720 1781 εὐαρεστεῖν

287 1802 395 1846 τοῖς
423 1802 655 1842 τοκεῦσι.“
700 1800 885 1844 Similiter
910 1801 1110 1844 Danuuius
1132 1801 1204 1843 sub
1236 1801 1339 1856 ἀράε
1369 1806 1523 1851 ,ethae
1543 1806 1677 1843 dirae
1704 1804 2063 1854 imprecationes
2085 1809 2322 1843 maternae
2349 1807 2565 1855 effectum
2592 1820 2721 1845 suum

283 1882 562 1928 lzabuerunt;
593 1864 694 1922 nam‘
712 1883 898 1932 Meleaqer
912 1884 1061 1932 juvenis
1091 1890 1145 1921 est
1171 1890 1345 1922 mortuus.
1399 1885 1574 1922 Titionem
1603 1886 1715 1931 illum,
1746 1898 1851 1934 quem
1885 1883 2040 1923 Ovidius
2063 1888 2206 1928 narrat,
2229 1895 2273 1920 ea:
2294 1884 2530 1922 recentiorum
2557 1884 2717 1924 Graeco-

282 1975 363 1999 rum
392 1964 597 2001 commentis
626 1964 807 2012 ignoravit
835 1963 1034 2009 Homerus,
1066 1963 1194 2001 docet
1222 1977 1331 2012 erqo
1361 1963 1444 2002 Ιιόο
1471 1965 1698 2014 exemplo,
1736 1958 2042 2016 εὐαρεστεῖν
2070 1961 2178 2005 τοῖς
2205 1960 2428 2010 τοκεῦσι,
2458 1970 2498 2001 ut
2523 1965 2579 2002 eie
2608 1972 2722 2014 ayant

282 2038 397 2088 liberi,
428 2047 467 2078 ut
490 2041 667 2091 placeant
690 2041 905 2091 parentibus
935 2041 1027 2088 suis,
1057 2041 1110 2078 sic
1135 2046 1316 2090 paternae
1347 2053 1476 2091 preces
1513 2041 1657 2081 hostiles
1694 2041 1733 2079 in
1767 2040 2006 2085 Phoenicem,
2035 2040 2072 2088 I,
2101 2036 2184 2082 453
2212 2052 2297 2090 sqq.
2333 2052 2406 2079 non
2430 2042 2540 2091 fuere
2568 2042 2718 2082 im‘taef

282 2115 533 2173 Koeppenius
564 2114 613 2158 ad
633 2131 668 2158 v.
692 2115 795 2160 565:
823 2119 898 2158 Die
917 2119 1117 2168 erzahlunq
1146 2119 1244 2157 wir-d
1264 2119 1449 2164 dadurch,
1479 2119 1569 2157 dass
1598 2118 1739 2158 Homer
1760 2117 1877 2158 wider
1903 2119 2002 2159 scine
2025 2118 2266 2169 yewohnhet't,
2295 2132 2366 2157 nur
2394 2119 2634 2169 abydi-acheri
2663 2136 2720 2161 er·

283 2197 394 2244 zctklt,
425 2197 573 2235 dunkel.
631 2196 690 2234 die
726 2196 900 2235 erbitterte
936 2202 1063 2235 mutter
1080 2197 1230 2246 sordert
1259 2198 1354 2235 three
1383 2198 1513 2235 soknes
1543 2197 1605 2234 tod
1631 2209 1701 2235 von
1728 2196 1810 2235 dem
1836 2201 2002 2246 reqenten
2036 2196 2103 2235 der
2137 2196 2269 2235 todten.
2327 2197 2439 2235 kaum
2474 2198 2554 2236 ho’rt
2587 2212 2625 2237 ee
2661 2199 2720 2238 die

284 2275 468 2324 Erinnys,
501 2275 643 2313 deren
668 2275 845 2323 pflt'cht
871 2287 916 2313 es
946 2275 1025 2320 ist,
1057 2275 1142 2312 das
1173 2275 1366 2312 unrecht
1392 2288 1445 2312 tu
1474 2275 1676 2321 ahnden,
1705 2288 1786 2313 was
1814 2275 1946 2313 kinder
1975 2276 2045 2314 den
2072 2277 2210 2313 aeltma
2238 2276 2415 2323 tufic'yen,
2455 2278 2512 2314 αις
2550 2279 2603 2315 sie
2637 2291 2719 2315 zum

281 2354 416 2392 Hadea
445 2355 508 2392 eilt
534 2354 614 2391 und
640 2354 703 2391 mit
729 2355 849 2392 eeiner
877 2354 1106 2402 bewilliyunq
1135 2361 1224 2390 nun·
1240 2355 1311 2402 aus
1334 2353 1393 2391 die
1421 2354 1603 2400 obenaelt,
1639 2367 1706 2391 um
1735 2354 1809 2392 die
1835 2353 1980 2392 rache
2006 2366 2060 2392 zu
2087 2353 2367 2400 walzachora,
2395 2355 2487 2403 qeht.
2545 2356 2633 2394 aber
2660 2357 2719 2395 die

281 2437 351 2477 art,
380 2432 451 2470 wie
478 2432 532 2469 sie
560 2432 659 2470 diese
685 2432 837 2481 vonoq,
867 2432 1024 2469 erzc'tlzlte
1045 2443 1086 2469 er
1113 2431 1235 2469 nicht}
1293 2427 1494 2469 Ernestius
1523 2435 1561 2470 et
1589 2430 1778 2486 interpres
1807 2428 1867 2471 ed.
1897 2428 2047 2472 Didot:
2084 2432 2265 2482 ,Erinnys
2289 2430 2450 2484 (Furia)
2479 2435 2700 2474 exaudivi
2705 2441 2721 2474 t

279 2523 324 2547 ea.-
352 2510 504 2548 Ereb0.‘
535 2505 629 2549 item
659 2508 820 2550 Faesius
849 2507 897 2549 ad
926 2507 1025 2552 53⁴2:
1055 2510 1167 2555 ‚und
1193 2509 1267 2547 die
1292 2509 1471 2558 Erinys
1500 2509 1678 2550 erhorte
1705 2511 1839 2550 ihren
1855 2512 2017 2561 flach&
2053 2508 2232 2565 Heynius
2255 2509 2296 2550 in
2314 2511 2417 2551 notis
2437 2508 2461 2551 l.
2481 2509 2526 2551 l.:
2555 2514 2720 2561 ‚Auditis

279 2588 389 2625 Diris
418 2601 503 2624 moa.-
530 2591 591 2627 ad
617 2603 696 2627 eas
724 2591 1054 2639 exsequendas
1081 2589 1251 2637 procedit
1277 2589 1365 2625 locis
1390 2589 1517 2637 inseris
1538 2589 1802 2639 Erinnys...)
1839 2586 1969 2635 Quid?
1998 2585 2106 2642 quod
2123 2589 2340 2628 Pausanias
2363 2587 2430 2642 (X.
2459 2587 2525 2631 31.
2555 2589 2611 2643 2.)
2640 2604 2719 2631 me·

280 2664 403 2704 moria
432 2663 567 2721 lapsus
598 2665 696 2707 adeo
724 2668 878 2707 narrari
904 2664 1007 2721 apud
1037 2664 1248 2705 Homerum
1278 2662 1395 2704 refert
1424 2663 1665 2722 Meleagrum
1695 2680 1746 2707 ex
1774 2667 2041 2708 exsecratione
2069 2667 2209 2731 matris
2226 2667 2437 2707 interiisse:
2463 2663 2542 2717 ,Ἐς
2568 2666 2616 2709 δὲ
2646 2670 2719 2710 τοῦ

235 2733 239 2737 ’
281 2739 528 2799 Μελεάγρου
573 2745 647 2803 τὴν
692 2744 883 2804 τελευτὴν
915 2742 1079 2802 Ὁμήρῳ
1117 2742 1196 2798 μέν
1247 2741 1352 2788 ἐςτιν
1395 2742 1595 2802 εἰρημένα
1653 2744 1724 2792 ὡς
1765 2746 1792 2804 ἡ
1835 2742 2031 2802 Ἐρινὺς
2070 2747 2315 2803 καταρῶν
2364 2744 2578 2788 ἀκούσαι
2625 2750 2720 2790 τῶν

282 2819 507 2865 Amaia<
533 2824 602 2863 καὶ
630 2822 841 2863 ἀποθάνοι
869 2822 996 2862 κατὰ
1026 2820 1212 2877 ταύτην
1242 2822 1266 2859 ὁ
1298 2820 1542 2878 Μελέαγρος·
1568 2824 1654 2881 τὴν
1683 2823 1881 2864 αἰτίαν.6
1929 2821 2104 2878 Denique
2127 2822 2377 2864 Welckerum
2406 2837 2573 2880 quoque,
2599 2839 2718 2882 quum

281 2915 340 2940 vv.
372 2899 608 2945 598—599
645 2907 808 2943 mortem
845 2899 1031 2957 Meleagri
1071 2897 1117 2939 ab
1155 2898 1325 2940 Homero
1364 2899 1568 2942 indicatam
1606 2902 1743 2943 statuit
1775 2904 1908 2953 qriech.
1946 2910 2039 2953 traq.
2070 2904 2105 2950 I,
2130 2917 2174 2954 p.
2206 2901 2273 2951 22,
2310 2916 2379 2958 per
2415 2916 2456 2944 se
2491 2903 2717 2962 intelligitur

280 2978 384 3020 illum
416 2978 560 3020 nullam
591 2979 704 3021 aliam
734 2980 785 3021 ob
816 2993 972 3022 causam
1003 2979 1160 3034 periisse
1188 2984 1326 3034 putare
1354 2980 1430 3020 nisi
1459 2978 1509 3020 ob
1539 2994 1622 3021 eam
1647 2981 1782 3036 ipsam,
1813 2978 1919 3035 quod
1948 2995 1970 3021 a
2000 2985 2120 3022 matre
2150 2979 2314 3021 devotus
2342 2988 2453 3023 esset.

482 3057 577 3099 dure
608 3059 728 3114 igitur
752 3065 889 3099 nostro
920 3061 1089 3098 statuere
1114 3055 1224 3098 nobis
1254 3055 1430 3098 videmur
1460 3055 1552 3099 velle
1581 3063 1735 3114 poetam
1760 3056 1948 3100 Althaeae
1982 3060 2286 3100 exsecrationem
2323 3064 2465 3107 ratam,
2501 3064 2713 3104 extinctum

280 3138 398 3193 igitur
427 3138 626 3193 repentina
657 3144 781 3177 morte
810 3134 1053 3191 Meleagrum
1082 3147 1224 3176 revera.
1280 3134 1542 3177 Nihilominus
1585 3134 1728 3177 sactum
1772 3135 1811 3177 id
1841 3150 1925 3179 esse
1950 3150 2144 3194 nusquam
2174 3135 2356 3189 tradidit3
2385 3140 2477 3195 quin
2506 3141 2622 3182 immo
2651 3154 2713 3182 re-

279 3213 381 3269 liqua
419 3218 610 3264 narratio,
647 3217 855 3271 quominus
894 3212 989 3254 illud
1026 3211 1139 3253 nobis
1173 3213 1495 3268 persuadeamus,
1534 3214 1674 3256 obstat.
1733 3214 1838 3262 Quid
1873 3215 2001 3257 enim?
2058 3215 2187 3263 Quum
2223 3230 2301 3257 non
2329 3219 2499 3273 potuerit
2527 3220 2564 3259 in
2594 3218 2712 3261 dubio

278 3292 454 3349 relinqui,
483 3293 698 3335 naturaline
731 3291 920 3335 moriendi
949 3292 1174 3333 necessitate
1196 3305 1244 3332 an
1274 3306 1322 3333 ex
1345 3292 1438 3333 diris
1461 3294 1593 3334 matris
1613 3292 1791 3349 precibus
1813 3292 2010 3351 Meleager
2038 3294 2253 3344 interiisset,
2282 3309 2434 3338 necesse
2455 3302 2514 3338 cst
2542 3302 2711 3339 statuere
