2950 3889
1484 258 1513 305 6

281 401 438 446 defensa
469 404 638 459 accipere
654 404 704 454 ¹).
764 400 816 445 Ut
844 416 981 444 sensus
1011 404 1072 449 sit,
1103 399 1286 458 quamdiu
1315 401 1512 460 Meleager
1540 404 1641 446 inter
1669 401 1890 446 defensores
1926 409 2136 460 pugnaret,
2175 403 2335 446 Curetes
2362 412 2446 446 ante
2474 401 2714 461 Calydonem

279 497 360 523 non
390 483 629 529 sustinuisse,
660 480 697 521 h.
729 495 761 521 e.
801 483 1104 537 quotiescunque
1141 481 1190 522 ad
1229 481 1359 522 urbem
1396 482 1700 539 oppugnandam
1736 482 2021 529 successissent,
2062 460 2264 538 eruptione
2302 497 2326 525 a
2363 480 2717 539 Calydoniissacta

280 560 415 618 pulsos
445 574 539 602 esse.
597 558 678 601 Sed
707 560 762 602 sic
790 560 918 617 inepte
947 559 1091 602 dictum
1121 574 1204 602 esse
1233 564 1339 617 patet
1368 558 1527 617 τεζχεος
1562 561 1650 613 (int.
1680 559 1910 618 Calydonis)
1946 556 2217 610 ἔκτοσθενς
2252 562 2363 618 quasi
2401 560 2564 604 Curetes
2594 574 2714 616 quum

280 646 392 682 extra
435 640 586 680 moenia
629 638 798 680 hostium
847 655 926 681 non
976 641 1221 687 sustinerent,
1264 641 1365 680 intra
1415 637 1480 680 illa
1517 639 1596 680 sint
1644 638 1844 697 compulsi.
1920 638 2045 688 Quam
2098 637 2151 680 ob
2198 652 2355 682 causam
2398 639 2713 697 Koeppenius'),

280 718 458 774 Heynius
470 719 521 772 ⁸),
546 716 920 771 Friedlaenderus⁴)
950 732 1082 760 revera
1109 731 1190 759 non
1218 716 1265 759 de
1296 715 1508 774 Calydone,
1536 715 1606 759 sed
1641 718 1794 761 inversa
1828 732 1872 761 re
1905 716 1954 760 do
1982 716 2172 761 Pleurone
2201 717 2386 760 Curetum
2416 704 2512 761 urbe
2540 732 2563 760 a
2592 715 2712 774 Caly·

278 796 405 840 doniis
434 797 595 840 obsessa
623 795 749 840 locum
779 799 1017 855 interpretati
1047 802 1157 861 suntt
1177 802 1222 838 ut
1250 794 1572 839 Friedlaenderus
1608 796 1762 854 quidem
1799 802 1919 840 totam
1955 798 2216 840 narrationem
2251 795 2360 839 foede
2396 797 2591 841 turbatam
2626 810 2710 839 esse

279 882 476 925 statueret,
497 875 635 933 reliqui
660 875 739 919 duo
762 878 933 933 quinque
956 875 1081 918 verbis
1098 869 1203 917 ὀὐδὲ
1225 874 1399 918 δύναντο
1422 874 1583 935 τείχεος·
1601 873 1804 918 ἔκτοσθεν
1820 873 1986 931 μίμνειν
2004 875 2213 919 indicatum
2234 880 2418 933 putarent
2445 876 2712 934 ‚Meleagrum‘

279 957 440 1012 (primo)
472 979 523 986 —
556 955 701 1012 Heynii
741 962 830 997 utor
865 955 990 996 verbis
1019 979 1072 986 —-
1103 956 1142 996 in
1184 956 1310 1011 patria
1349 951 1588 997 defendenda
1623 956 1754 1006 ,tantis
1796 953 1969 997 cladibus
2004 954 2176 998 affecisse
2212 954 2371 997 Curetes
2406 953 2641 1004 obsessores,
2669 958 2715 995 ut

278 1036 380 1075 intra
411 1047 504 1075 suae
534 1034 643 1075 urbis
673 1033 912 1085 (Pleuronis)
943 1035 1091 1074 moenia
1120 1047 1161 1075 se
1191 1034 1403 1089 reciperent
1422 1042 1457 1074 et
1482 1037 1520 1072 in
1549 1036 1606 1073 hio
1635 1049 1674 1075 se
1702 1038 1882 1075 tenerent‘
1922 1031 2040 1081 Quod
2070 1035 2102 1075 si
2132 1035 2215 1090 ipse
2241 1038 2356 1090 poeta
2377 1032 2512 1081 voluit,
2539 1031 2713 1089 profecto

279 1127 444 1169 prorsus
474 1114 604 1169 inepta
633 1127 729 1155 usus
759 1122 818 1155 est
846 1111 1041 1154 brevitate.
1114 1111 1247 1167 ltaque
1276 1126 1507 1168 quocunque
1537 1120 1573 1154 te
1603 1114 1732 1161 vertis,
1778 1111 1911 1155 haeret
1937 1110 2030 1154 huic
2058 1111 2142 1154 loco
2172 1114 2334 1169 insignis
2363 1117 2430 1154 aut
2458 1109 2713 1168 negligentiae

280 1198 349 1233 aut
377 1191 558 1233 infantiae
584 1188 741 1241 crimen,
771 1190 875 1247 quod
904 1206 951 1232 ne
980 1190 1123 1247 duplici
1152 1190 1306 1246 quidem
1343 1189 1531 1232 Nitzschii
1568 1191 1788 1247 conjectura
1822 1189 1936 1248 plane
1971 1196 2182 1232 amovetur.
2256 1190 2354 1233 Nam
2390 1193 2430 1233 in
2466 1188 2586 1232 altera
2622 1185 2710 1230 οὐδ’

279 1270 476 1313 ἐδύναντο
507 1269 667 1328 τείχεος
694 1267 894 1312 ἔκτοσθέν
923 1269 944 1311 ἑ
974 1271 1058 1322 (int.
1091 1269 1349 1327 Meleagrum)
1376 1268 1553 1325 μένειν
1597 1269 1672 1311 hoe
1701 1266 1900 1312 ἔκτοσθεν
1933 1276 2062 1312 manet
2110 1271 2303 1327 ineptum3
2339 1270 2449 1327 qnasi
2484 1270 2583 1311 enim
2611 1269 2714 1310 intra

277 1351 430 1391 moenia
479 1348 660 1412 ,hostium
704 1348 810 1389 illum
849 1351 1038 1390 sustinere
1089 1349 1304 1405 potuerint!
1363 1347 1511 1390 Sanum
1559 1363 1581 1389 a
1624 1350 1813 1390 sententia
1857 1353 1975 1398 esset,
2019 1350 2092 1390 etsi
2143 1348 2349 1391 verborum
2393 1354 2532 1390 ornatu
2572 1350 2712 1404 egeret,

279 1428 440 1487 τείχεος·
466 1426 744 1476 ἐξελθόντα
771 1426 922 1483 μένειν.
980 1427 1023 1469 In
1054 1428 1174 1470 altera
1203 1443 1295 1470 vero
1326 1427 1488 1486 τείχεος·
1514 1426 1662 1473 ἐκτὸς
1689 1427 1840 1469 ἐόντα
1865 1426 2042 1484 μένειν
2070 1427 2185 1485 friget
2213 1443 2294 1470 voc.
2325 1427 2459 1478 ἐόντα,
2489 1427 2600 1483 cujus
2629 1425 2712 1468 loco

279 1524 405 1551 sermo
434 1508 665 1551 Homericus
695 1510 892 1549 minimum
920 1508 1190 1564 μαρνάμενον
1219 1508 1276 1550 vel
1307 1507 1428 1549 simile
1458 1506 1601 1564 aliquid
1630 1507 1862 1564 requirebat.

483 1587 549 1629 Ad
593 1602 739 1628 novum
776 1602 900 1642 genus
939 1589 1119 1627 vitiorum
1155 1586 1333 1627 ducimur
1371 1586 1565 1635 versibus,
1610 1589 1676 1643 qui
1710 1589 1890 1643 proxime
1930 1586 2182 1644 praecedunt,
2220 1587 2433 1630 547-49:
2467 1587 2493 1645 ἦ
2531 1583 2566 1625 δ’
2605 1581 2708 1640 ἀμφ’

278 1667 392 1723 αὐτῷ
426 1666 534 1724 θῆκε
564 1666 716 1707 πολὺν
745 1664 960 1706 κέλαδον
988 1666 1072 1706 καὶ
1110 1666 1288 1721 ἀυτήν,
1315 1667 1320 1721 Ι
1346 1665 1454 1722 ἀμφὶ
1493 1666 1596 1711 συὸς
1633 1665 1794 1724 κεφαλῇ
1831 1666 1899 1707 καὶ
1936 1665 2110 1723 δέρματι
2144 1666 2370 1725 λαχνήεντι,
2407 1664 2632 1723 Κουρήτων
2667 1676 2712 1703 τε

275 1745 440 1803 μεσηγὺ
470 1746 538 1785 καὶ
566 1745 758 1785 Αἰτωλῶν
784 1743 1059 1800 μεγαθύμων.
1128 1743 1297 1785 Vei-tunt
1322 1745 1500 1786 Clarkius
1523 1751 1560 1787 et
1579 1747 1768 1802 interpres
1789 1744 1847 1786 ed.
1870 1730 2024 1787 Didot.:v
2052 1745 2132 1791 ,llla
2149 1759 2241 1787 vero
2263 1770 2305 1777 -
2325 1745 2507 1787 excitavit
2528 1753 2708 1799 magnum

277 1823 486 1865 tumultum
516 1829 555 1864 et
584 1848 634 1854 —
667 1822 834 1871 bellum:
862 1822 902 1863 id
932 1822 1038 1878 quod
1068 1824 1193 1879 patrio
1223 1836 1400 1864 sermone
1422 1822 1499 1864 fere
1528 1829 1660 1865 sonat:
1699 1825 1764 1864 Sic
1804 1826 1893 1864 aber
1927 1831 2062 1876 err-0910
2087 1826 2157 1864 viel
2184 1826 2277 1863 larm
2307 1821 2364 1863 vel
2393 1826 2451 1864 ein
2477 1835 2624 1874 qroseee
2649 1834 2710 1872 qe·

277 1912 351 1944 cose
379 1906 459 1943 und
487 1925 540 1931 —
568 1904 682 1954 krieq.
741 1900 863 1951 Quae,
893 1901 1066 1951 obsecro,
1096 1900 1276 1958 loquendi
1308 1902 1427 1944 ratio!
1463 1916 1582 1959 quum
1620 1900 1865 1944 indicandum
1902 1907 2005 1945 esset
2039 1900 2205 1944 Dianam
2242 1915 2420 1959 magnam
2457 1903 2709 1953 contentionem

277 1981 325 2023 de
355 1983 438 2038 apri
467 1981 620 2023 exuviis
649 1982 850 2030 excitasse,
880 1984 975 2021 unde
1003 1983 1219 2033 adjustum
1249 1984 1376 2021 bellum
1405 1997 1480 2022 rem
1516 1984 1707 2023 deductam
1728 1993 1818 2032 ease,
1848 1980 2050 2024 dicendum
2076 1982 2197 2040 igitur
2217 1986 2301 2022 aut:
2331 1980 2433 2022 illam
2455 1977 2709 2020 contentionem

279 2065 317 2100 et
340 2074 456 2111 porro
485 2058 626 2100 bellum
655 2059 713 2099 vel
743 2060 1022 2099 contentionem
1053 2066 1167 2114 atque
1196 2062 1288 2099 adeo
1318 2059 1458 2100 bellum
1487 2064 1556 2101 aut
1584 2061 1822 2101 summatim:
1850 2059 2014 2102 Dianam
2045 2059 2092 2101 dr
2121 2060 2205 2116 apri
2234 2058 2331 2115 pelle
2360 2064 2398 2100 et
2420 2059 2542 2114 capite
2562 2064 2709 2098 cruenta

273 2140 421 2192 proelia
444 2139 642 2190 bellumque
671 2137 830 2195 (μάχας
856 2133 884 2178 τ’
919 2134 1222 2193 ἀνδροκτασίας
1243 2151 1286 2178 τε
1307 2136 1358 2188 Η,
1385 2137 1466 2182 237
1489 2136 1569 2191 all.)
1590 2138 1737 2180 civisse.
1780 2137 1897 2187 Quod
1924 2139 1957 2180 si
1999 2143 2100 2181 recte
2134 2139 2374 2195 interpretes,
2414 2137 2551 2179 iterum
2594 2133 2708 2185 illam,

279 2230 378 2273 quae
431 2216 514 2272 jam
572 2230 608 2258 v.
646 2216 729 2261 552
766 2215 944 2274 (τείχεος
971 2213 1186 2269 ἔκτοσθεν)
1230 2215 1401 2258 notanda
1450 2223 1544 2265 erat,
1591 2215 1790 2259 infantiam
1838 2215 2173 2275 deprehendimus.
2243 2215 2323 2258 Sed
2381 2206 2527 2257 u'tinam
2576 2213 2708 2257 saltem

279 2295 431 2338 adesset
458 2310 600 2352 nomen
631 2294 736 2338 belli!
794 2296 851 2337 At
879 2294 989 2337 adest
1016 2309 1095 2336 non
1125 2294 1224 2344 belli,
1267 2295 1335 2338 sed
1366 2295 1505 2355 ἀοι-ῆς,
1555 2294 1661 2352 quod
1697 2295 1926 2338 vocabulum
1963 2310 2198 2353 quamquam
2228 2308 2504 2353 saepenumero
2533 2291 2707 2336 bellicum

278 2374 483 2419 clamorem
513 2353 642 2433 itaque
670 2390 741 2434 per
769 2373 1040 2433 synecdochen
1069 2376 1196 2432 ipsum
1234 2374 1374 2418 bellum
1410 2374 1618 2434 significat,
1654 2381 1782 2418 tamen
1817 2377 1891 2418 nisi
1928 2374 2060 2419 addito
2103 2375 2162 2418 vel
2197 2374 2377 2432 πόλεμος
2410 2373 2468 2417 vel
2499 2373 2615 2432 μάχη
2650 2371 2710 2416 vel

280 2453 370 2512 ἔρις
397 2454 481 2497 aliis
509 2452 700 2511 ejusmodi
729 2453 926 2496 vocabulis
958 2456 1032 2496 ista
1060 2468 1146 2496 curn
1175 2461 1366 2512 potestate
1394 2456 1486 2512 poni
1515 2467 1594 2498 non
1630 2456 1746 2507 solet,
1782 2457 1856 2497 nisi
1891 2469 2010 2512 quum
2048 2469 2099 2497 ex
2134 2457 2315 2497 universo
2357 2467 2463 2495 nexu
2494 2452 2540 2495 de
2576 2452 2708 2495 bellico

281 2533 376 2576 illud
406 2533 572 2576 clamore
614 2535 745 2589 itaque
786 2532 833 2575 de
863 2535 948 2590 ipso
980 2532 1078 2576 bello
1110 2534 1372 2591 accipiendum
1401 2548 1485 2577 esse
1515 2535 1609 2576 satis
1638 2534 1773 2577 elucet.
1830 2533 1915 2583 Hoc
1953 2549 2043 2577 vero
2078 2534 2163 2577 loco
2201 2533 2249 2576 ab
2280 2547 2325 2575 eo
2359 2531 2446 2574 inde
2476 2545 2601 2582 versu,
2631 2545 2708 2588 quo

280 2627 361 2655 rem
390 2611 523 2654 ordine
552 2626 710 2654 narrare
738 2618 853 2669 poeta
882 2613 1007 2670 coepit
1034 2611 1116 2657 533
1144 2627 1267 2670 usquc
1297 2611 1347 2655 ad
1376 2628 1411 2655 v.
1440 2612 1523 2659 546
1551 2627 1630 2656 non
1659 2612 1707 2657 de
1736 2612 1836 2656 bello
1865 2612 1931 2656 sed
1960 2612 2008 2656 de
2028 2614 2230 2656 venatione
2253 2610 2469 2669 Calydonia
2489 2610 2708 2668 expositum

280 2696 350 2741 est,
380 2706 496 2748 quam
527 2692 623 2732 ortis
651 2692 750 2732 inter
779 2693 991 2733 venationis
1021 2693 1147 2733 socios
1184 2694 1427 2734 contentione
1465 2693 1749 2749 inimicitiisque
1785 2691 1925 2734 bellum
1963 2691 2147 2734 Curetum
2185 2698 2222 2734 et
2260 2689 2486 2733 Aetolorum
2515 2690 2709 2747 excepisse

280 2776 488 2827 antequam
517 2770 733 2827 perspicuis
763 2768 886 2811 verbis
916 2769 1017 2812 docti
1047 2772 1193 2832 simus,⁸
1209 2770 1247 2812 id
1277 2770 1381 2828 quod
1413 2770 1566 2828 quidem
1604 2770 1679 2813 hoc
1714 2773 1800 2829 ipso
1844 2770 1928 2814 loco
1977 2770 2061 2814 fieri
2099 2770 2279 2820 debebat,
2328 2767 2547 2811 bellicarum
2581 2781 2709 2810 rerum

278 2850 436 2892 omnino
473 2863 554 2892 non
590 2849 696 2891 venit
723 2849 762 2890 in
792 2853 974 2900 mentem,
1013 2864 1106 2908 ergo
1134 2864 1182 2893 ne
1212 2850 1339 2907 ἀυτήν
1377 2849 1530 2907 quidem
1561 2848 1609 2893 de
1646 2848 1779 2893 bellico
1820 2849 1986 2894 clamore
2021 2850 2080 2894 vel
2115 2849 2162 2894 de
2192 2848 2289 2892 bello
2319 2846 2386 2890 sed
2415 2846 2634 2905 simpliciter
2661 2846 2708 2890 de

278 2930 415 2986 quovis
444 2927 611 2971 clamore
649 2925 708 2969 vel
743 2927 873 2984 potius
912 2942 1097 2971 memores
1134 2945 1170 2971 v.
1201 2929 1284 2974 534
1320 2929 1406 2982 (τὸν
1437 2952 1488 2962 -
1520 2927 1770 2984 ἀπέκτεινεν)
1805 2928 1852 2972 de
1892 2931 2104 2973 rixantium
2142 2927 2414 2971 vociferatione
2450 2925 2707 2985 intelligimus.

278 3007 387 3059 Quae
409 3023 528 3067 quum
558 3008 612 3052 ita
642 3008 721 3051 sint
739 3020 819 3049 non
840 3004 981 3050 sufficit
1005 3007 1079 3052 hoe
1106 3007 1202 3061 loco,
1233 3011 1376 3068 quippe
1406 3023 1484 3067 quo
1514 3007 1564 3052 ad
1592 3023 1673 3053 rem
1689 3023 1852 3068 prorsus
1876 3024 2017 3054 novam
2038 3010 2210 3054 narratio
2230 3004 2512 3067 progrediatur,
2540 3004 2707 3050 vocabu·

489 3158 520 3202 ¹)
545 3162 587 3194 cf.
610 3162 804 3194 Nitzschius
830 3162 1042 3202 sagenpoesie
1066 3161 1091 3201 1,
1117 3172 1147 3204 p.
1174 3158 1248 3201 147.
1279 3157 1351 3195 148.
1398 3163 1533 3196 Faesius
1558 3164 1600 3195 ad
1625 3172 1655 3194 v·
1681 3158 1744 3195 551
1773 3172 1820 3204 eq.

488 3217 523 3255 ²)
549 3220 809 3260 Anmerkungen
835 3229 910 3250 zum
935 3219 1068 3256 Homer,
1092 3221 1132 3250 nd
1157 3220 1215 3251 lx.
1237 3215 1312 3251 548.

483 3274 518 3315 ³)
546 3279 588 3309 ad
612 3288 643 3307 v.
668 3273 736 3308 546
762 3278 787 3318 Ῑ,
813 3288 842 3316 p.
865 3272 932 3308 509
956 3287 1005 3316 sq.
1054 3278 1180 3308 observ.
1206 3280 1247 3309 ad
1271 3273 1347 3310 548.
1372 3279 1412 3317 V,
1434 3289 1465 3318 p.
1490 3272 1567 3316 656,
1593 3273 1670 3308 657.

483 3329 517 3371 ⁴)
542 3333 659 3365 Philol.
683 3333 739 3365 IV.
765 3329 796 3365 4.
816 3343 846 3374 p.
871 3327 949 3365 583.
