2950 3889
1401 258 1430 307 5

211 408 261 455 ad
287 410 478 452 eunucu
504 401 776 454 descendisset,
803 402 996 460 promissa
1024 403 1060 445 ei
1081 401 1167 459 jam
1194 412 1273 444 non
1300 399 1501 459 persoluta
1528 413 1613 443 ease
1641 397 1757 452 dona,
1791 405 1837 444 ut
1864 413 1914 442 ex
1933 401 2069 458 patria
2097 414 2169 444 suo
2198 399 2381 445 beneficio
2405 405 2630 443 conservata

211 487 378 532 &udum
402 482 526 542 ferret
547 479 708 525 nullum.

408 559 498 605 «lam
526 559 622 603 baec
648 571 727 616 quo
756 557 891 601 ordine
917 557 1155 602 narrantur?
1211 557 1374 603 Orditur
1399 561 1529 616 poeta,
1558 556 1686 609 credo,
1714 558 1754 600 in
1781 555 1926 600 medias
1953 570 2016 599 res
2043 563 2230 615 rapturus
2259 557 2471 609 auditores,
2501 571 2525 600 a
2554 555 2632 599 Cu-

210 642 357 686 retibus
386 635 625 711 Calydonem
653 636 981 695 oppugnantibus
1037 635 1135 680 Ecce
1163 642 1303 703 autem,
1328 649 1410 680 non
1436 639 1568 693 potest
1595 634 1686 678 hinc
1713 649 1761 677 ne
1781 634 1983 692 paululum
2012 635 2165 691 quidem
2202 635 2337 679 deduci
2375 634 2495 679 filum.
2552 633 2632 677 Rc-

210 720 346 776 linquit
377 717 498 774 igitur
532 729 672 758 rursus
699 715 799 757 viam
828 713 990 757 vixdum
1017 716 1150 758 initam
1193 715 1435 771 deflectitque
1476 717 1738 757 narrationem
1768 713 1817 756 ad
1844 715 2011 771 primum
2041 716 2188 755 initium
2216 716 2271 755 rei
2299 720 2443 771 gestae,
2471 713 2548 755 hoc
2574 718 2634 754 est

211 795 261 838 ad
282 807 420 852 aprum
440 792 699 849 Calydonium
718 807 742 835 a
762 791 919 834 Diana
910 806 949 834 ιιι
969 805 1085 849 agros
1106 791 1254 835 Oenei
1243 795 1456 835 immissum
1474 807 1498 834 a
1517 791 1718 861 Meleagro
1739 797 1866 833 autem
1887 794 2168 849 interemptum,
2195 791 2298 833 unde
2328 791 2377 833 ad
2407 791 2550 833 bellum
2583 789 2633 832 de

210 873 308 930 pelle
333 878 373 913 et
396 873 521 926 capite
546 872 635 925 ejus
663 874 763 912 inter
789 873 1003 912 venationis
1030 867 1157 912 socios
1173 878 1338 921 -ortum,
1373 874 1500 928 primo
1539 854 1747 913 Curetibus
1790 867 1888 912 male
1926 871 2063 912 cedens
2112 874 2299 927 pervenit.
2355 870 2484 911 Recte.
2541 869 2631 910 Jam

211 967 303 994 vero
333 960 455 1005 quum
491 947 582 991 binc
617 948 666 991 ad
700 948 858 990 stan-em
891 947 1080 991 Althaeae
1117 952 1157 990 in
1190 950 1302 999 bello,
1337 958 1383 991 ιιι
1417 949 1665 991 statuendum
1701 956 1760 990 est
1773 981 1784 998 ‚
1819 966 1843 990 a
1871 950 2071 1006 Meleagro
2100 952 2280 997 occisum,
2310 949 2397 989 inde
2426 950 2475 989 ad
2503 953 2632 1006 ipsum

210 1027 450 1084 Meleagrum
479 1042 504 1068 a
530 1032 652 1068 matre
680 1024 810 1068 inferis
838 1026 1031 1076 devotum,
1060 1034 1151 1084 post
1178 1027 1229 1069 ad
1257 1027 1441 1069 desidiam
1474 1029 1732 1069 succensentis
1760 1027 2000 1084 pergendum
2036 1036 2154 1076 esset,
2188 1027 2249 1068 ille
2283 1029 2414 1084 potius
2449 1027 2633 1083 neglectis

213 1107 297 1150 aliis
324 1105 504 1148 omnibus
531 1104 632 1146 illico
661 1103 711 1146 ad
738 1105 839 1146 hauc
868 1107 989 1160 ipsam
1021 1108 1119 1147 iram
1140 1105 1327 1162 Meleagri
1354 1106 1615 1162 desidiamque
1646 1106 1820 1152 festinat,
1858 1107 1970 1161 cujus
2005 1119 2161 1146 causam
2188 1119 2312 1161 usque
2341 1118 2386 1145 eo
2408 1119 2455 1145 ne
2483 1105 2632 1145 divina-

212 1201 298 1227 mus
325 1183 491 1241 quidem,
520 1185 657 1224 iterum
687 1198 785 1238 quae
813 1197 886 1225 suo
913 1183 998 1224 loco
1027 1196 1230 1239 perperam
1258 1190 1368 1225 erant
1394 1187 1665 1240 praetermissa
1701 1185 1889 1226 allaturus
1918 1184 2030 1225 infra.
2088 1184 2167 1226 Sed
2197 1184 2376 1225 cohibeat
2404 1196 2533 1223 morae
2561 1185 2633 1223 im·

211 1264 431 1322 patientiam
460 1259 632 1304 Achilles
667 1261 775 1317 (huic
810 1264 910 1304 enim
937 1261 1106 1317 narrat)!
1135 1261 1340 1305 cohibeant
1365 1262 1546 1306 lectores!
1602 1264 1708 1306 Satis
1736 1269 1796 1306 est
1828 1265 1868 1306 in
1901 1263 2122 1321 praesentia
2160 1263 2371 1319 accepisse,
2406 1263 2521 1304 matri
2550 1261 2634 1303 Me-

210 1330 382 1399 leagrum
411 1342 686 1383 succensuisse.
744 1341 824 1382 Cur
852 1341 1124 1390 succensuerit,
1150 1346 1196 1382 ut
1222 1339 1434 1391 discamus,
1468 1355 1548 1383 non
1584 1355 1687 1398 opus
1722 1350 1782 1384 est
1815 1347 2037 1400 properato.
2095 1339 2249 1382 Scilicet
2297 1339 2438 1398 pluris'
2473 1342 2634 1383 interest

210 1421 257 1463 de
285 1420 501 1477 Cleopatra,
528 1432 654 1459 uxore
682 1417 881 1474 Meleagri,
909 1418 982 1459 bac
1009 1417 1102 1459 data
1129 1419 1330 1460 occasione
1354 1418 1541 1474 quaedam
1569 1420 1780 1476 interponi3
1816 1419 1998 1461 docemur
2033 1420 2153 1476 igitur
2188 1420 2361 1475 pressius
2404 1417 2560 1474 quidem
2595 1424 2634 1460 et

210 1497 424 1548 obscurius,
453 1495 521 1539 sed
558 1502 684 1537 tamen
711 1509 790 1537 non
815 1496 941 1536 minus
971 1500 1058 1537 octo
1089 1494 1264 1538 versibus
1291 1495 1340 1539 de
1359 1502 1470 1552 patre
1498 1497 1596 1552 ejus,
1624 1497 1670 1539 de
1693 1503 1825 1547 matre,
1853 1497 1901 1539 de
1929 1498 2132 1540 certamine
2160 1511 2184 1539 a
2210 1502 2321 1554 patre
2341 1510 2427 1539 eum
2448 1495 2632 1553 Apolline

209 1577 297 1620 olim
321 1575 371 1619 ad
391 1588 574 1632 sponsam
598 1574 674 1626 (vel
690 1573 927 1626 uxorem?¹)
949 1572 1022 1614 deo
1046 1573 1282 1630 eripiendam
1299 1576 1407 1624 inito,
1435 1574 1484 1616 de
1510 1562 1709 1631 Alcyones
1737 1576 1964 1632 cognomine
1993 1574 2219 1630 Cleopatrae
2237 1574 2327 1616 inde
2355 1573 2507 1624 addito3
2537 1574 2632 1630 quid

210 1653 355 1696 multa?
384 1654 591 1710 accipimus
620 1651 694 1693 alia
719 1653 851 1708 potius
880 1653 1020 1700 omnia,
1048 1666 1148 1707 quae
1176 1651 1226 1694 ad
1255 1666 1337 1693 rem
1365 1652 1474 1702 nihil,
1502 1667 1618 1709 quam
1648 1653 1743 1695 illud
1771 1653 2005 1695 levissimum
2034 1667 2138 1701 sane,
2167 1651 2262 1708 quid
2291 1658 2491 1710 tantopere
2519 1651 2632 1693 bilem

210 1733 407 1792 Meleagro
435 1733 609 1782 moverit,
637 1735 682 1772 ut
710 1730 758 1772 ab
788 1729 966 1773 hostibus
995 1730 1177 1774 obsessos
1210 1731 1405 1775 desereret
1439 1734 1540 1775 cives
1576 1745 1682 1775 suos.
1741 1733 1840 1776 Sero
1877 1716 2041 1775 tandem*
2068 1732 2230 1788 jamjam
2266 1731 2408 1775 obtuso
2443 1731 2634 1774 desiderio
2657 1757 2665 1775 1
2697 1792 2701 1793 ⁷

212 1811 358 1855 satisfit
417 1810 497 1855 Sed
524 1812 593 1854 vix
621 1809 669 1852 de
696 1816 818 1852 matre
848 1809 968 1851 filium
996 1815 1157 1867 propter
1185 1808 1343 1854 fratrem
1371 1812 1539 1854 occisum
1568 1821 1768 1856 exsecrata
1796 1814 2016 1870 expositum
2046 1816 2117 1859 est,
2156 1825 2274 1867 quum
2311 1813 2493 1853 continuo
2522 1816 2634 1854 vasto
2678 1794 2687 1798 χ

209 1892 440 1933 narrationis
468 1889 578 1932 hiatu
606 1903 657 1931 ex
684 1890 794 1930 victis
822 1890 986 1930 victores
1014 1887 1104 1930 facti
1133 1888 1294 1932 Curetes
1324 1889 1564 1947 Calydonem
1592 1898 1834 1948 oppugnant,
1863 1890 2010 1932 desidia
2030 1889 2229 1947 Meleagri,
2250 1895 2379 1932 tantae
2408 1904 2525 1932 causa
2553 1889 2634 1931 l'or-

209 1977 324 2013 tunae
352 1969 625 2018 conversionis,
653 1982 731 2023 quo
760 1970 801 2010 in
828 1970 1050 2010 memoriam
1079 1978 1327 2011 revocaretur
1355 1969 1610 2020 auditoribus,
1638 1985 1686 2012 ne
1715 1970 1833 2012 verbo
1862 1969 2017 2026 quidem
2044 1971 2284 2026 interposito.
2341 1968 2435 2010 Inde
2479 1968 2633 2010 demum

211 2047 363 2104 singula
390 2052 492 2089 recte
521 2047 621 2087 inter
650 2060 691 2088 se
720 2047 919 2102 excipiunt
945 2059 1101 2102 unoque
1130 2052 1262 2089 tenore
1291 2046 1342 2089 ad
1369 2047 1483 2090 finem
1512 2051 1744 2104 pervenitur.

413 2124 574 2168 Accedit
608 2124 658 2167 ad
692 2124 794 2167 hanc
825 2139 1047 2182 perversam
1079 2138 1209 2167 renim
1246 2126 1536 2184 dispositionem
1575 2129 1671 2169 mira
1702 2127 1907 2169 verborum
1943 2126 2158 2169 obscuritas
2194 2142 2255 2167 vv,
2285 2125 2379 2177 533,
2415 2125 2509 2176 56¹,
2537 2125 2630 2168 552.

212 2205 340 2246 Primo
381 2204 465 2246 loeo
511 2204 686 2245 versibus
727 2203 942 2269 Κουρῆτές
974 2202 1009 2244 τ’
1049 2203 1256 2261 ἐμάχοντο
1304 2207 1372 2246 καὶ
1427 2206 1597 2248 Αἰτωλοὶ
1630 2208 1893 2266 μενεχάρμαι
1924 2207 1930 2262 Ι
1958 2207 2067 2262 ἀμφὶ
2109 2205 2222 2248 πόλιν
2270 2204 2518 2254 Καλυδῶνα,
2566 2206 2634 2245 καὶ

210 2282 407 2339 ἀλλήλους
448 2282 649 2338 ἐνάριζον,
674 2282 681 2336 Ι
707 2282 876 2322 Αἰτωλοὶ
911 2281 990 2337 μὲν
1029 2283 1282 2338 ἀμυνόμενοι
1319 2283 1570 2330 Καλυδῶνος
1603 2284 1801 2343 ἐραννῆς,
1835 2283 2078 2342 ΙΚουρῆτες·
2106 2283 2154 2324 δὲ
2199 2282 2471 2340 διαπραθέειν
2496 2295 2630 2337 μεμα-

209 2363 315 2407 ῶτες
332 2356 445 2420 Ἄρηι
472 2362 672 2403 continuat
698 2366 814 2417 poeta
842 2360 910 2402 καὶ
937 2360 1020 2418 γὰρ
1051 2364 1182 2403 τοῖσι
1209 2356 1336 2404 ιἰακὸν
1357 2361 1657 2422 χρυσόθρονος·
1674 2359 1862 2421 ’Ἄρτεμις
1887 2362 2026 2421 ὦρσεν
2053 2362 2133 2404 κτέ.
2183 2361 2287 2404 Utris
2309 2375 2412 2409 vero,
2442 2359 2629 2418 siquidem

209 2441 412 2497 praecipue
439 2439 581 2481 dictum
610 2447 669 2481 est
696 2438 743 2480 de
771 2439 946 2480 neutris?
1000 2439 1136 2496 ltaque
1179 2440 1229 2483 ad
1271 2440 1434 2484 Aetolos
1462 2454 1677 2498 pronomen
1704 2447 1875 2498 spectare
1904 2455 1952 2482 ex
1979 2440 2096 2484 Oenei
2125 2439 2278 2482 demum
2298 2441 2490 2482 mentione
2511 2439 2631 2482 altero

210 2517 297 2560 inde
325 2532 441 2561 versu
468 2517 568 2560 sacta
596 2526 655 2560 est
682 2516 949 2575 colligendum.
1009 2517 1283 2578 Vehementius
1321 2521 1435 2561 etiam
1472 2518 1648 2575 displicet
1687 2520 1760 2577 τὴν
1800 2534 1836 2560 v.
1867 2519 1940 2562 561
1981 2533 2060 2560 non
2097 2517 2146 2560 ad
2188 2533 2270 2560 eam
2319 2532 2417 2574 quae
2453 2520 2632 2575 proxime

210 2610 438 2654 praegresso
469 2612 583 2639 versu
610 2594 906 2639 commemorata
933 2602 993 2639 est
1019 2596 1274 2652 Marpessam,
1310 2597 1378 2639 sed
1417 2597 1466 2639 ad
1503 2597 1746 2653 Cleopatram
1783 2597 2024 2639 referendum
2063 2600 2197 2653 quinto
2233 2611 2350 2639 versu
2389 2604 2476 2639 ante
2513 2596 2631 2650 (556)

210 2675 456 2718 nominatam.
513 2675 571 2717 At
604 2688 696 2717 vero
733 2674 833 2716 hanc
867 2679 1003 2730 poetae
1048 2680 1210 2716 mentem
1257 2674 1375 2716 fuisse
1411 2674 1590 2716 omnibus
1626 2674 1828 2732 diligenter
1871 2677 2079 2733 recognitis
2116 2677 2256 2717 iterum
2298 2689 2349 2717 ex
2383 2674 2632 2731 sequentibus

210 2749 362 2793 demum
381 2755 567 2811 perspicis
597 2753 745 2807 (562—
751 2752 864 2806 564)

412 2830 536 2874 Simili
565 2832 798 2875 obscuritate
826 2830 1003 2873 laborant
1031 2845 1090 2873 vv.
1120 2829 1352 2874 550-552.
1388 2830 1538 2874 Etenim
1559 2830 1606 2874 de
1637 2831 1734 2874 bello
1755 2835 1854 2874 inter
1877 2833 2039 2875 Aetolos
2063 2838 2102 2874 et
2118 2831 2277 2875 Curetes
2307 2837 2395 2874 orto
2423 2838 2632 2888 postquam

213 2912 328 2962 poeta
353 2907 460 2960 alias,
480 2916 527 2952 ut
553 2910 734 2961 vidimus,
748 2924 827 2952 non
853 2911 966 2952 nimis
987 2923 1143 2967 pressus
1162 2922 1242 2951 non
1262 2914 1340 2951 tam
1360 2908 1462 2951 dixit
1481 2923 1596 2965 quam
1626 2913 1757 2962 tacuit,
1784 2910 1857 2953 illis
1881 2911 2058 2953 versibus
2073 2913 2128 2953 sic
2143 2913 2287 2969 pergit:
2317 2910 2434 2968 ὄφρα
2459 2910 2539 2966 μὲν
2559 2909 2634 2952 οὖν

216 2982 456 3044 Μελέαγρος
483 2987 705 3048 ἁρηίφιλος
731 2987 958 3045 πολέμιξεν,
980 2988 1118 3046 τόφρα
1143 2987 1191 3030 δὲ
1212 2985 1467 3046 Κουρήτεσσι
1486 2991 1626 3036 κακῶς
1647 2987 1711 3048 ἦν,
1732 2988 1831 3031 οὐδὲ
1854 2988 2026 3031 δύναντο
2060 2990 2220 3048 τειζχεος
2248 2987 2446 3031 ἔκτοσθεν
2471 2989 2634 3045 μίμνειν

217 3061 363 3109 πολέες·
380 3079 459 3122 περ
480 3065 631 3114 ἐόντες.
660 3068 748 3110 dam
763 3081 882 3125 quum
899 3069 1026 3109 statim
1041 3069 1149 3109 initio
1164 3074 1361 3110 narratum
1377 3069 1428 3110 sit
1442 3067 1679 3124 Calydonem
1691 3084 1713 3110 a
1731 3067 1935 3110 Curetibus
1963 3068 2051 3110 olim
2071 3067 2129 3110 vel
2144 3067 2341 3110 obsessam
2355 3067 2415 3110 vel
2428 3081 2636 3127 oppugna·

214 3144 292 3182 tam
321 3140 450 3194 fuisse,
479 3152 776 3190 consentaneum
806 3146 958 3190 videtur
985 3146 1058 3188 hos
1093 3160 1228 3189 versus
1263 3146 1309 3188 de
1345 3148 1428 3203 ipsa
1467 3145 1663 3203 Calydone
1701 3162 1724 3188 a
1761 3146 1964 3189 Curetibus
2004 3145 2179 3195 obsessa,
2216 3161 2238 3187 a
2272 3146 2471 3203 Meleagro
2507 3151 2634 3189 autem

420 3313 452 3357 ¹)
475 3329 508 3351 V·
532 3320 654 3362 Heynii
677 3329 744 3356 not.
768 3326 810 3357 nd
834 3319 1002 3357 552-60.
1025 3324 1053 3365 1,
1077 3334 1108 3366 p.
1133 3320 1209 3356 511.
1256 3326 1384 3357 observ.
1409 3326 1449 3356 ad
1473 3334 1527 3356 vv.
1551 3320 1629 3363 557,
1653 3318 1730 3355 558.
1778 3324 1818 3363 V,
1838 3334 1870 3365 p.
1894 3319 1970 3355 659.
